PokerStars Zoom Hand #258032548713:  Hold'em No Limit (€0.01/€0.02) - 2025/10/07 14:16:52 CET [2025/10/07 8:16:52 ET]
Table 'Arneb' 6-max Seat #1 is the button
Seat 1: Iván TM (€1.49 in chips) 
Seat 2: habana7 (€0.89 in chips) 
Seat 3: pipinoelbreve9 (€2 in chips) 
Seat 4: Elons_Mucks (€2.27 in chips) 
Seat 5: 77samuel33 (€2.25 in chips) 
Seat 6: hugmega (€3.56 in chips) 
habana7: posts small blind €0.01
pipinoelbreve9: posts big blind €0.02
*** HOLE CARDS ***
Dealt to pipinoelbreve9 [Jc 7s]
Elons_Mucks: folds 
77samuel33 has timed out
77samuel33: folds 
hugmega: folds 
Iván TM: folds 
habana7: folds 
Uncalled bet (€0.01) returned to pipinoelbreve9
pipinoelbreve9 collected €0.02 from pot
pipinoelbreve9: doesn't show hand 
*** SUMMARY ***
Total pot €0.02 | Rake €0 
Seat 1: Iván TM (button) folded before Flop (didn't bet)
Seat 2: habana7 (small blind) folded before Flop
Seat 3: pipinoelbreve9 (big blind) collected (€0.02)
Seat 4: Elons_Mucks folded before Flop (didn't bet)
Seat 5: 77samuel33 folded before Flop (didn't bet)
Seat 6: hugmega folded before Flop (didn't bet)



PokerStars Zoom Hand #258032550824:  Hold'em No Limit (€0.01/€0.02) - 2025/10/07 14:17:10 CET [2025/10/07 8:17:10 ET]
Table 'Arneb' 6-max Seat #1 is the button
Seat 1: jardel836 (€1.15 in chips) 
Seat 2: dragonfly2467 (€2.09 in chips) 
Seat 3: moricezedonk (€3.35 in chips) 
Seat 4: bufu92 (€3.83 in chips) 
Seat 5: javi382 (€2.06 in chips) 
Seat 6: pipinoelbreve9 (€2.01 in chips) 
dragonfly2467: posts small blind €0.01
moricezedonk: posts big blind €0.02
*** HOLE CARDS ***
Dealt to pipinoelbreve9 [Qh 9h]
bufu92: folds 
javi382: raises €0.04 to €0.06
pipinoelbreve9: folds 
jardel836: folds 
dragonfly2467: folds 
moricezedonk: folds 
Uncalled bet (€0.04) returned to javi382
javi382 collected €0.05 from pot
javi382: doesn't show hand 
*** SUMMARY ***
Total pot €0.05 | Rake €0 
Seat 1: jardel836 (button) folded before Flop (didn't bet)
Seat 2: dragonfly2467 (small blind) folded before Flop
Seat 3: moricezedonk (big blind) folded before Flop
Seat 4: bufu92 folded before Flop (didn't bet)
Seat 5: javi382 collected (€0.05)
Seat 6: pipinoelbreve9 folded before Flop (didn't bet)



PokerStars Zoom Hand #258032552183:  Hold'em No Limit (€0.01/€0.02) - 2025/10/07 14:17:21 CET [2025/10/07 8:17:21 ET]
Table 'Arneb' 6-max Seat #1 is the button
Seat 1: upapapipis (€1.23 in chips) 
Seat 2: pipinoelbreve9 (€2.01 in chips) 
Seat 3: FisherPro22 (€2 in chips) 
Seat 4: Manzanoo33 (€5.59 in chips) 
Seat 5: habana7 (€0.86 in chips) 
Seat 6: javi382 (€2 in chips) 
pipinoelbreve9: posts small blind €0.01
FisherPro22: posts big blind €0.02
*** HOLE CARDS ***
Dealt to pipinoelbreve9 [5d 4h]
Manzanoo33: folds 
habana7: folds 
javi382: folds 
upapapipis: folds 
pipinoelbreve9: raises €0.04 to €0.06
FisherPro22: folds 
Uncalled bet (€0.04) returned to pipinoelbreve9
pipinoelbreve9 collected €0.04 from pot
pipinoelbreve9: doesn't show hand 
*** SUMMARY ***
Total pot €0.04 | Rake €0 
Seat 1: upapapipis (button) folded before Flop (didn't bet)
Seat 2: pipinoelbreve9 (small blind) collected (€0.04)
Seat 3: FisherPro22 (big blind) folded before Flop
Seat 4: Manzanoo33 folded before Flop (didn't bet)
Seat 5: habana7 folded before Flop (didn't bet)
Seat 6: javi382 folded before Flop (didn't bet)



PokerStars Zoom Hand #258032554835:  Hold'em No Limit (€0.01/€0.02) - 2025/10/07 14:17:42 CET [2025/10/07 8:17:42 ET]
Table 'Arneb' 6-max Seat #1 is the button
Seat 1: pipinoelbreve9 (€2.03 in chips) 
Seat 2: boboy111 (€1.52 in chips) 
Seat 3: guizzado16 (€2.91 in chips) 
Seat 4: trgonzaga33 (€1.04 in chips) 
Seat 5: cuackiera (€0.97 in chips) 
Seat 6: Quex29 (€5.04 in chips) 
boboy111: posts small blind €0.01
guizzado16: posts big blind €0.02
*** HOLE CARDS ***
Dealt to pipinoelbreve9 [Qs 5c]
trgonzaga33: calls €0.02
cuackiera: calls €0.02
Quex29: folds 
pipinoelbreve9: folds 
boboy111: calls €0.01
guizzado16: checks 
*** FLOP *** [7c 6h 3s]
boboy111: checks 
guizzado16: checks 
trgonzaga33: bets €0.04
cuackiera: raises €0.04 to €0.08
boboy111: folds 
guizzado16: folds 
trgonzaga33: folds 
Uncalled bet (€0.04) returned to cuackiera
cuackiera collected €0.15 from pot
cuackiera: doesn't show hand 
*** SUMMARY ***
Total pot €0.16 | Rake €0.01 
Board [7c 6h 3s]
Seat 1: pipinoelbreve9 (button) folded before Flop (didn't bet)
Seat 2: boboy111 (small blind) folded on the Flop
Seat 3: guizzado16 (big blind) folded on the Flop
Seat 4: trgonzaga33 folded on the Flop
Seat 5: cuackiera collected (€0.15)
Seat 6: Quex29 folded before Flop (didn't bet)



PokerStars Zoom Hand #258032555774:  Hold'em No Limit (€0.01/€0.02) - 2025/10/07 14:17:50 CET [2025/10/07 8:17:50 ET]
Table 'Arneb' 6-max Seat #1 is the button
Seat 1: WILL-KILL-SOON (€1.04 in chips) 
Seat 2: gatperllebre (€2.02 in chips) 
Seat 3: JLL1929 (€2 in chips) 
Seat 4: dragonfly2467 (€2 in chips) 
Seat 5: pipinoelbreve9 (€2.03 in chips) 
Seat 6: moricezedonk (€2.04 in chips) 
gatperllebre: posts small blind €0.01
JLL1929: posts big blind €0.02
*** HOLE CARDS ***
Dealt to pipinoelbreve9 [Ad Td]
dragonfly2467: folds 
pipinoelbreve9: raises €0.04 to €0.06
moricezedonk has timed out
moricezedonk: folds 
WILL-KILL-SOON: calls €0.06
gatperllebre: folds 
JLL1929: folds 
*** FLOP *** [6c 8s 6h]
pipinoelbreve9: bets €0.05
WILL-KILL-SOON: folds 
Uncalled bet (€0.05) returned to pipinoelbreve9
pipinoelbreve9 collected €0.14 from pot
pipinoelbreve9: doesn't show hand 
*** SUMMARY ***
Total pot €0.15 | Rake €0.01 
Board [6c 8s 6h]
Seat 1: WILL-KILL-SOON (button) folded on the Flop
Seat 2: gatperllebre (small blind) folded before Flop
Seat 3: JLL1929 (big blind) folded before Flop
Seat 4: dragonfly2467 folded before Flop (didn't bet)
Seat 5: pipinoelbreve9 collected (€0.14)
Seat 6: moricezedonk folded before Flop (didn't bet)



PokerStars Zoom Hand #258032561560:  Hold'em No Limit (€0.01/€0.02) - 2025/10/07 14:18:37 CET [2025/10/07 8:18:37 ET]
Table 'Arneb' 6-max Seat #1 is the button
Seat 1: moricezedonk (€2.04 in chips) 
Seat 2: JLL1929 (€5.88 in chips) 
Seat 3: pipinoelbreve9 (€2.11 in chips) 
Seat 4: trgonzaga33 (€0.99 in chips) 
Seat 5: Suave1984 (€2.23 in chips) 
Seat 6: Manzanoo33 (€2.17 in chips) 
JLL1929: posts small blind €0.01
pipinoelbreve9: posts big blind €0.02
*** HOLE CARDS ***
Dealt to pipinoelbreve9 [7s 4d]
trgonzaga33: folds 
Suave1984: raises €0.04 to €0.06
Manzanoo33: folds 
moricezedonk: folds 
JLL1929: folds 
pipinoelbreve9: folds 
Uncalled bet (€0.04) returned to Suave1984
Suave1984 collected €0.05 from pot
Suave1984: doesn't show hand 
*** SUMMARY ***
Total pot €0.05 | Rake €0 
Seat 1: moricezedonk (button) folded before Flop (didn't bet)
Seat 2: JLL1929 (small blind) folded before Flop
Seat 3: pipinoelbreve9 (big blind) folded before Flop
Seat 4: trgonzaga33 folded before Flop (didn't bet)
Seat 5: Suave1984 collected (€0.05)
Seat 6: Manzanoo33 folded before Flop (didn't bet)



PokerStars Zoom Hand #258032560439:  Hold'em No Limit (€0.01/€0.02) - 2025/10/07 14:18:28 CET [2025/10/07 8:18:28 ET]
Table 'Arneb' 6-max Seat #1 is the button
Seat 1: odace15 (€2.81 in chips) 
Seat 2: pablochamp10 (€2.01 in chips) 
Seat 3: boboy111 (€1.50 in chips) 
Seat 4: pipinoelbreve9 (€2.11 in chips) 
Seat 5: cuackiera (€1.11 in chips) 
Seat 6: dragonfly2467 (€2 in chips) 
pablochamp10: posts small blind €0.01
boboy111: posts big blind €0.02
*** HOLE CARDS ***
Dealt to pipinoelbreve9 [2c Ts]
pipinoelbreve9: folds 
cuackiera: calls €0.02
dragonfly2467: folds 
odace15: folds 
pablochamp10: folds 
boboy111: checks 
*** FLOP *** [Td 3c Jh]
boboy111: checks 
cuackiera: checks 
*** TURN *** [Td 3c Jh] [Qd]
boboy111: checks 
cuackiera: checks 
*** RIVER *** [Td 3c Jh Qd] [3s]
boboy111: checks 
cuackiera: checks 
*** SHOW DOWN ***
boboy111: shows [6s Ah] (a pair of Threes)
cuackiera: mucks hand 
boboy111 collected €0.05 from pot
*** SUMMARY ***
Total pot €0.05 | Rake €0 
Board [Td 3c Jh Qd 3s]
Seat 1: odace15 (button) folded before Flop (didn't bet)
Seat 2: pablochamp10 (small blind) folded before Flop
Seat 3: boboy111 (big blind) showed [6s Ah] and won (€0.05) with a pair of Threes
Seat 4: pipinoelbreve9 folded before Flop (didn't bet)
Seat 5: cuackiera mucked [7s 6c]
Seat 6: dragonfly2467 folded before Flop (didn't bet)



PokerStars Zoom Hand #258032565962:  Hold'em No Limit (€0.01/€0.02) - 2025/10/07 14:19:13 CET [2025/10/07 8:19:13 ET]
Table 'Arneb' 6-max Seat #1 is the button
Seat 1: Iván TM (€1.36 in chips) 
Seat 2: hugmega (€3.05 in chips) 
Seat 3: moricezedonk (€2.57 in chips) 
Seat 4: SrTTSC (€4.76 in chips) 
Seat 5: dragonfly2467 (€2 in chips) 
Seat 6: pipinoelbreve9 (€2.08 in chips) 
hugmega: posts small blind €0.01
moricezedonk: posts big blind €0.02
*** HOLE CARDS ***
Dealt to pipinoelbreve9 [8h As]
SrTTSC: folds 
dragonfly2467: folds 
pipinoelbreve9: folds 
Iván TM: folds 
hugmega: folds 
Uncalled bet (€0.01) returned to moricezedonk
moricezedonk collected €0.02 from pot
moricezedonk: doesn't show hand 
*** SUMMARY ***
Total pot €0.02 | Rake €0 
Seat 1: Iván TM (button) folded before Flop (didn't bet)
Seat 2: hugmega (small blind) folded before Flop
Seat 3: moricezedonk (big blind) collected (€0.02)
Seat 4: SrTTSC folded before Flop (didn't bet)
Seat 5: dragonfly2467 folded before Flop (didn't bet)
Seat 6: pipinoelbreve9 folded before Flop (didn't bet)



PokerStars Zoom Hand #258032563013:  Hold'em No Limit (€0.01/€0.02) - 2025/10/07 14:18:49 CET [2025/10/07 8:18:49 ET]
Table 'Arneb' 6-max Seat #1 is the button
Seat 1: Manzanoo33 (€2.17 in chips) 
Seat 2: pipinoelbreve9 (€2.09 in chips) 
Seat 3: odace15 (€2.80 in chips) 
Seat 4: Lucian Morel (€1.90 in chips) 
Seat 5: moricezedonk (€2.04 in chips) 
Seat 6: hugmega (€3.04 in chips) 
pipinoelbreve9: posts small blind €0.01
odace15: posts big blind €0.02
*** HOLE CARDS ***
Dealt to pipinoelbreve9 [Jc 4s]
Lucian Morel: raises €0.03 to €0.05
moricezedonk: folds 
hugmega: folds 
Manzanoo33: folds 
pipinoelbreve9: folds 
odace15: calls €0.03
*** FLOP *** [6h 7c Tc]
odace15: checks 
Lucian Morel: bets €0.08
odace15: calls €0.08
*** TURN *** [6h 7c Tc] [3d]
odace15: checks 
Lucian Morel: checks 
*** RIVER *** [6h 7c Tc 3d] [Qs]
odace15: checks 
Lucian Morel: checks 
*** SHOW DOWN ***
odace15: shows [Ts 9s] (a pair of Tens)
Lucian Morel: mucks hand 
odace15 collected €0.26 from pot
*** SUMMARY ***
Total pot €0.27 | Rake €0.01 
Board [6h 7c Tc 3d Qs]
Seat 1: Manzanoo33 (button) folded before Flop (didn't bet)
Seat 2: pipinoelbreve9 (small blind) folded before Flop
Seat 3: odace15 (big blind) showed [Ts 9s] and won (€0.26) with a pair of Tens
Seat 4: Lucian Morel mucked [Ah 4h]
Seat 5: moricezedonk folded before Flop (didn't bet)
Seat 6: hugmega folded before Flop (didn't bet)



PokerStars Zoom Hand #258032568145:  Hold'em No Limit (€0.01/€0.02) - 2025/10/07 14:19:31 CET [2025/10/07 8:19:31 ET]
Table 'Arneb' 6-max Seat #1 is the button
Seat 1: SMN242 (€2.02 in chips) 
Seat 2: moricezedonk (€3.46 in chips) 
Seat 3: SrTTSC (€4.76 in chips) 
Seat 4: pipinoelbreve9 (€2.08 in chips) 
Seat 5: Andres010328 (€0.61 in chips) 
Seat 6: pablochamp10 (€2.03 in chips) 
moricezedonk: posts small blind €0.01
SrTTSC: posts big blind €0.02
*** HOLE CARDS ***
Dealt to pipinoelbreve9 [As 5h]
pipinoelbreve9: folds 
Andres010328 has timed out
Andres010328: folds 
pablochamp10: raises €0.04 to €0.06
SMN242: folds 
moricezedonk: folds 
SrTTSC: folds 
Uncalled bet (€0.04) returned to pablochamp10
pablochamp10 collected €0.05 from pot
pablochamp10: doesn't show hand 
*** SUMMARY ***
Total pot €0.05 | Rake €0 
Seat 1: SMN242 (button) folded before Flop (didn't bet)
Seat 2: moricezedonk (small blind) folded before Flop
Seat 3: SrTTSC (big blind) folded before Flop
Seat 4: pipinoelbreve9 folded before Flop (didn't bet)
Seat 5: Andres010328 folded before Flop (didn't bet)
Seat 6: pablochamp10 collected (€0.05)



PokerStars Zoom Hand #258032567272:  Hold'em No Limit (€0.01/€0.02) - 2025/10/07 14:19:24 CET [2025/10/07 8:19:24 ET]
Table 'Arneb' 6-max Seat #1 is the button
Seat 1: odace15 (€4.50 in chips) 
Seat 2: SMN242 (€2.03 in chips) 
Seat 3: Pasbo311 (€5.89 in chips) 
Seat 4: habana7 (€0.73 in chips) 
Seat 5: pipinoelbreve9 (€2.08 in chips) 
Seat 6: hugmega (€3.04 in chips) 
SMN242: posts small blind €0.01
Pasbo311: posts big blind €0.02
*** HOLE CARDS ***
Dealt to pipinoelbreve9 [9s 2s]
habana7: folds 
pipinoelbreve9: folds 
hugmega: folds 
odace15: raises €0.04 to €0.06
SMN242: folds 
Pasbo311 is disconnected 
Pasbo311 has timed out while disconnected
Pasbo311: folds 
Uncalled bet (€0.04) returned to odace15
odace15 collected €0.05 from pot
odace15: doesn't show hand 
*** SUMMARY ***
Total pot €0.05 | Rake €0 
Seat 1: odace15 (button) collected (€0.05)
Seat 2: SMN242 (small blind) folded before Flop
Seat 3: Pasbo311 (big blind) folded before Flop
Seat 4: habana7 folded before Flop (didn't bet)
Seat 5: pipinoelbreve9 folded before Flop (didn't bet)
Seat 6: hugmega folded before Flop (didn't bet)



PokerStars Zoom Hand #258032568803:  Hold'em No Limit (€0.01/€0.02) - 2025/10/07 14:19:36 CET [2025/10/07 8:19:36 ET]
Table 'Arneb' 6-max Seat #1 is the button
Seat 1: JLL1929 (€6 in chips) 
Seat 2: Tyrandes4pattes (€2 in chips) 
Seat 3: pipinoelbreve9 (€2.08 in chips) 
Seat 4: javi382 (€2.11 in chips) 
Seat 5: moricezedonk (€3.45 in chips) 
Seat 6: Suave1984 (€2.71 in chips) 
Tyrandes4pattes: posts small blind €0.01
pipinoelbreve9: posts big blind €0.02
*** HOLE CARDS ***
Dealt to pipinoelbreve9 [9d 8h]
javi382: folds 
moricezedonk has timed out
moricezedonk: folds 
Suave1984: raises €0.03 to €0.05
JLL1929: folds 
Tyrandes4pattes: raises €0.15 to €0.20
pipinoelbreve9: folds 
Suave1984: calls €0.15
*** FLOP *** [3c Ah Qd]
Tyrandes4pattes: bets €0.16
Suave1984: folds 
Uncalled bet (€0.16) returned to Tyrandes4pattes
Tyrandes4pattes collected €0.40 from pot
Tyrandes4pattes: doesn't show hand 
*** SUMMARY ***
Total pot €0.42 | Rake €0.02 
Board [3c Ah Qd]
Seat 1: JLL1929 (button) folded before Flop (didn't bet)
Seat 2: Tyrandes4pattes (small blind) collected (€0.40)
Seat 3: pipinoelbreve9 (big blind) folded before Flop
Seat 4: javi382 folded before Flop (didn't bet)
Seat 5: moricezedonk folded before Flop (didn't bet)
Seat 6: Suave1984 folded on the Flop



PokerStars Zoom Hand #258032565154:  Hold'em No Limit (€0.01/€0.02) - 2025/10/07 14:19:06 CET [2025/10/07 8:19:06 ET]
Table 'Arneb' 6-max Seat #1 is the button
Seat 1: pipinoelbreve9 (€2.08 in chips) 
Seat 2: hugmega (€3.35 in chips) 
Seat 3: Lucian Morel (€1.58 in chips) 
Seat 4: gsxr313 (€4.75 in chips) 
Seat 5: SrWatanabe (€4.61 in chips) 
Seat 6: WILL-KILL-SOON (€0.83 in chips) 
hugmega: posts small blind €0.01
Lucian Morel: posts big blind €0.02
*** HOLE CARDS ***
Dealt to pipinoelbreve9 [7c Kh]
gsxr313: folds 
SrWatanabe: raises €0.02 to €0.04
WILL-KILL-SOON: folds 
pipinoelbreve9: folds 
hugmega: folds 
Lucian Morel: calls €0.02
*** FLOP *** [Jh 9d 8s]
Lucian Morel: checks 
SrWatanabe: bets €0.03
Lucian Morel: calls €0.03
*** TURN *** [Jh 9d 8s] [9h]
Lucian Morel: checks 
SrWatanabe: bets €0.12
Lucian Morel: calls €0.12
*** RIVER *** [Jh 9d 8s 9h] [Td]
Lucian Morel: checks 
SrWatanabe: bets €0.29
Lucian Morel: folds 
Uncalled bet (€0.29) returned to SrWatanabe
SrWatanabe collected €0.37 from pot
SrWatanabe: doesn't show hand 
*** SUMMARY ***
Total pot €0.39 | Rake €0.02 
Board [Jh 9d 8s 9h Td]
Seat 1: pipinoelbreve9 (button) folded before Flop (didn't bet)
Seat 2: hugmega (small blind) folded before Flop
Seat 3: Lucian Morel (big blind) folded on the River
Seat 4: gsxr313 folded before Flop (didn't bet)
Seat 5: SrWatanabe collected (€0.37)
Seat 6: WILL-KILL-SOON folded before Flop (didn't bet)



PokerStars Zoom Hand #258032571677:  Hold'em No Limit (€0.01/€0.02) - 2025/10/07 14:20:00 CET [2025/10/07 8:20:00 ET]
Table 'Arneb' 6-max Seat #1 is the button
Seat 1: moricezedonk (€1.98 in chips) 
Seat 2: pipinoelbreve9 (€2.06 in chips) 
Seat 3: javi382 (€2.11 in chips) 
Seat 4: JLL1929 (€2.03 in chips) 
Seat 5: marsatack28 (€2.33 in chips) 
Seat 6: gatperllebre (€1.92 in chips) 
pipinoelbreve9: posts small blind €0.01
javi382: posts big blind €0.02
*** HOLE CARDS ***
Dealt to pipinoelbreve9 [Qs Th]
JLL1929: folds 
marsatack28: folds 
gatperllebre: calls €0.02
moricezedonk has timed out
moricezedonk: folds 
pipinoelbreve9: calls €0.01
javi382: checks 
*** FLOP *** [7d Kc 3s]
pipinoelbreve9: checks 
javi382: checks 
gatperllebre: checks 
*** TURN *** [7d Kc 3s] [Ac]
pipinoelbreve9: checks 
javi382: checks 
gatperllebre: bets €0.04
pipinoelbreve9: folds 
javi382: folds 
Uncalled bet (€0.04) returned to gatperllebre
gatperllebre collected €0.06 from pot
gatperllebre: doesn't show hand 
*** SUMMARY ***
Total pot €0.06 | Rake €0 
Board [7d Kc 3s Ac]
Seat 1: moricezedonk (button) folded before Flop (didn't bet)
Seat 2: pipinoelbreve9 (small blind) folded on the Turn
Seat 3: javi382 (big blind) folded on the Turn
Seat 4: JLL1929 folded before Flop (didn't bet)
Seat 5: marsatack28 folded before Flop (didn't bet)
Seat 6: gatperllebre collected (€0.06)



PokerStars Zoom Hand #258032578757:  Hold'em No Limit (€0.01/€0.02) - 2025/10/07 14:20:58 CET [2025/10/07 8:20:58 ET]
Table 'Arneb' 6-max Seat #1 is the button
Seat 1: pipinoelbreve9 (€2.04 in chips) 
Seat 2: Suave1984 (€2.51 in chips) 
Seat 3: SrTTSC (€8.09 in chips) 
Seat 4: moricezedonk (€2.57 in chips) 
Seat 5: Tyrandes4pattes (€2.03 in chips) 
Seat 6: Patxoca (€2.18 in chips) 
Suave1984: posts small blind €0.01
SrTTSC: posts big blind €0.02
*** HOLE CARDS ***
Dealt to pipinoelbreve9 [5c Jc]
moricezedonk: folds 
Tyrandes4pattes: raises €0.05 to €0.07
Patxoca: folds 
pipinoelbreve9: folds 
Suave1984: folds 
SrTTSC: folds 
Uncalled bet (€0.05) returned to Tyrandes4pattes
Tyrandes4pattes collected €0.05 from pot
Tyrandes4pattes: doesn't show hand 
*** SUMMARY ***
Total pot €0.05 | Rake €0 
Seat 1: pipinoelbreve9 (button) folded before Flop (didn't bet)
Seat 2: Suave1984 (small blind) folded before Flop
Seat 3: SrTTSC (big blind) folded before Flop
Seat 4: moricezedonk folded before Flop (didn't bet)
Seat 5: Tyrandes4pattes collected (€0.05)
Seat 6: Patxoca folded before Flop (didn't bet)



PokerStars Zoom Hand #258032581354:  Hold'em No Limit (€0.01/€0.02) - 2025/10/07 14:21:20 CET [2025/10/07 8:21:20 ET]
Table 'Arneb' 6-max Seat #1 is the button
Seat 1: Lucian Morel (€1.79 in chips) 
Seat 2: guizzado16 (€2.86 in chips) 
Seat 3: boboy111 (€1.37 in chips) 
Seat 4: more457 (€1.67 in chips) 
Seat 5: JLL1929 (€2 in chips) 
Seat 6: pipinoelbreve9 (€2.04 in chips) 
guizzado16: posts small blind €0.01
boboy111: posts big blind €0.02
*** HOLE CARDS ***
Dealt to pipinoelbreve9 [Tc 8c]
more457: folds 
JLL1929: folds 
pipinoelbreve9: raises €0.04 to €0.06
Lucian Morel: folds 
guizzado16: folds 
boboy111: calls €0.04
*** FLOP *** [Kh 4s Qc]
boboy111: checks 
pipinoelbreve9: checks 
*** TURN *** [Kh 4s Qc] [2d]
boboy111: checks 
pipinoelbreve9: bets €0.04
boboy111: calls €0.04
*** RIVER *** [Kh 4s Qc 2d] [5d]
boboy111: checks 
pipinoelbreve9: checks 
*** SHOW DOWN ***
boboy111: shows [As 6h] (high card Ace)
pipinoelbreve9: mucks hand 
boboy111 collected €0.20 from pot
*** SUMMARY ***
Total pot €0.21 | Rake €0.01 
Board [Kh 4s Qc 2d 5d]
Seat 1: Lucian Morel (button) folded before Flop (didn't bet)
Seat 2: guizzado16 (small blind) folded before Flop
Seat 3: boboy111 (big blind) showed [As 6h] and won (€0.20) with high card Ace
Seat 4: more457 folded before Flop (didn't bet)
Seat 5: JLL1929 folded before Flop (didn't bet)
Seat 6: pipinoelbreve9 mucked [Tc 8c]



PokerStars Zoom Hand #258032584452:  Hold'em No Limit (€0.01/€0.02) - 2025/10/07 14:21:45 CET [2025/10/07 8:21:45 ET]
Table 'Arneb' 6-max Seat #1 is the button
Seat 1: guizzado16 (€2.83 in chips) 
Seat 2: Quex29 (€2.46 in chips) 
Seat 3: moricezedonk (€3.45 in chips) 
Seat 4: pipinoelbreve9 (€2 in chips) 
Seat 5: habana7 (€0.64 in chips) 
Seat 6: boboy111 (€1.47 in chips) 
Quex29: posts small blind €0.01
moricezedonk: posts big blind €0.02
*** HOLE CARDS ***
Dealt to pipinoelbreve9 [2c 9h]
pipinoelbreve9: folds 
habana7: folds 
boboy111: folds 
guizzado16: folds 
Quex29: raises €0.04 to €0.06
moricezedonk: folds 
Uncalled bet (€0.04) returned to Quex29
Quex29 collected €0.04 from pot
Quex29: doesn't show hand 
*** SUMMARY ***
Total pot €0.04 | Rake €0 
Seat 1: guizzado16 (button) folded before Flop (didn't bet)
Seat 2: Quex29 (small blind) collected (€0.04)
Seat 3: moricezedonk (big blind) folded before Flop
Seat 4: pipinoelbreve9 folded before Flop (didn't bet)
Seat 5: habana7 folded before Flop (didn't bet)
Seat 6: boboy111 folded before Flop (didn't bet)



PokerStars Zoom Hand #258032586212:  Hold'em No Limit (€0.01/€0.02) - 2025/10/07 14:22:00 CET [2025/10/07 8:22:00 ET]
Table 'Arneb' 6-max Seat #1 is the button
Seat 1: trgonzaga33 (€0.96 in chips) 
Seat 2: moricezedonk (€3.43 in chips) 
Seat 3: pipinoelbreve9 (€2 in chips) 
Seat 4: javi382 (€2.61 in chips) 
Seat 5: SrTTSC (€4.60 in chips) 
Seat 6: marsatack28 (€2.18 in chips) 
moricezedonk: posts small blind €0.01
pipinoelbreve9: posts big blind €0.02
*** HOLE CARDS ***
Dealt to pipinoelbreve9 [Js 2c]
javi382: raises €0.04 to €0.06
SrTTSC: folds 
marsatack28: folds 
trgonzaga33: folds 
moricezedonk: folds 
pipinoelbreve9: folds 
Uncalled bet (€0.04) returned to javi382
javi382 collected €0.05 from pot
javi382: doesn't show hand 
*** SUMMARY ***
Total pot €0.05 | Rake €0 
Seat 1: trgonzaga33 (button) folded before Flop (didn't bet)
Seat 2: moricezedonk (small blind) folded before Flop
Seat 3: pipinoelbreve9 (big blind) folded before Flop
Seat 4: javi382 collected (€0.05)
Seat 5: SrTTSC folded before Flop (didn't bet)
Seat 6: marsatack28 folded before Flop (didn't bet)



PokerStars Zoom Hand #258032588191:  Hold'em No Limit (€0.01/€0.02) - 2025/10/07 14:22:16 CET [2025/10/07 8:22:16 ET]
Table 'Arneb' 6-max Seat #1 is the button
Seat 1: pipinoelbreve9 (€2 in chips) 
Seat 2: pat8592 (€1.52 in chips) 
Seat 3: gatperllebre (€1.96 in chips) 
Seat 4: Tyrandes4pattes (€2.06 in chips) 
Seat 5: JLL1929 (€6.06 in chips) 
Seat 6: Lucian Morel (€1.88 in chips) 
pat8592: posts small blind €0.01
gatperllebre: posts big blind €0.02
*** HOLE CARDS ***
Dealt to pipinoelbreve9 [Qs Qh]
Tyrandes4pattes: folds 
JLL1929: folds 
Lucian Morel: folds 
pipinoelbreve9: raises €0.04 to €0.06
pat8592: folds 
gatperllebre: folds 
Uncalled bet (€0.04) returned to pipinoelbreve9
pipinoelbreve9 collected €0.05 from pot
pipinoelbreve9: doesn't show hand 
*** SUMMARY ***
Total pot €0.05 | Rake €0 
Seat 1: pipinoelbreve9 (button) collected (€0.05)
Seat 2: pat8592 (small blind) folded before Flop
Seat 3: gatperllebre (big blind) folded before Flop
Seat 4: Tyrandes4pattes folded before Flop (didn't bet)
Seat 5: JLL1929 folded before Flop (didn't bet)
Seat 6: Lucian Morel folded before Flop (didn't bet)



PokerStars Zoom Hand #258032585039:  Hold'em No Limit (€0.01/€0.02) - 2025/10/07 14:21:50 CET [2025/10/07 8:21:50 ET]
Table 'Arneb' 6-max Seat #1 is the button
Seat 1: choclo736 (€2.08 in chips) 
Seat 2: Lucian Morel (€1.80 in chips) 
Seat 3: moricezedonk (€1.98 in chips) 
Seat 4: Beira67 (€2.02 in chips) 
Seat 5: pipinoelbreve9 (€2 in chips) 
Seat 6: hugmega (€3.20 in chips) 
Lucian Morel: posts small blind €0.01
moricezedonk: posts big blind €0.02
*** HOLE CARDS ***
Dealt to pipinoelbreve9 [2c 7d]
Beira67: folds 
pipinoelbreve9: folds 
hugmega: raises €0.03 to €0.05
choclo736: raises €0.29 to €0.34
Lucian Morel: folds 
moricezedonk: folds 
hugmega: calls €0.29
*** FLOP *** [9d 5h 3s]
hugmega: checks 
choclo736: bets €0.67
hugmega: calls €0.67
*** TURN *** [9d 5h 3s] [5s]
hugmega: checks 
choclo736: bets €1.07 and is all-in
hugmega: calls €1.07
*** RIVER *** [9d 5h 3s 5s] [Th]
*** SHOW DOWN ***
hugmega: shows [Kh Kd] (two pair, Kings and Fives)
choclo736: shows [Qc Qh] (two pair, Queens and Fives)
hugmega collected €3.98 from pot
*** SUMMARY ***
Total pot €4.19 | Rake €0.21 
Board [9d 5h 3s 5s Th]
Seat 1: choclo736 (button) showed [Qc Qh] and lost with two pair, Queens and Fives
Seat 2: Lucian Morel (small blind) folded before Flop
Seat 3: moricezedonk (big blind) folded before Flop
Seat 4: Beira67 folded before Flop (didn't bet)
Seat 5: pipinoelbreve9 folded before Flop (didn't bet)
Seat 6: hugmega showed [Kh Kd] and won (€3.98) with two pair, Kings and Fives



PokerStars Zoom Hand #258032593884:  Hold'em No Limit (€0.01/€0.02) - 2025/10/07 14:23:02 CET [2025/10/07 8:23:02 ET]
Table 'Arneb' 6-max Seat #1 is the button
Seat 1: kidmanxdx (€2.42 in chips) 
Seat 2: diou78 (€1.58 in chips) 
Seat 3: SMN242 (€2.02 in chips) 
Seat 4: pipinoelbreve9 (€2.02 in chips) 
Seat 5: Suave1984 (€4.25 in chips) 
Seat 6: JLL1929 (€2.15 in chips) 
diou78: posts small blind €0.01
SMN242: posts big blind €0.02
*** HOLE CARDS ***
Dealt to pipinoelbreve9 [Kc 6c]
pipinoelbreve9: folds 
Suave1984: folds 
JLL1929: raises €0.04 to €0.06
kidmanxdx: folds 
diou78: folds 
SMN242: folds 
Uncalled bet (€0.04) returned to JLL1929
JLL1929 collected €0.05 from pot
JLL1929: doesn't show hand 
*** SUMMARY ***
Total pot €0.05 | Rake €0 
Seat 1: kidmanxdx (button) folded before Flop (didn't bet)
Seat 2: diou78 (small blind) folded before Flop
Seat 3: SMN242 (big blind) folded before Flop
Seat 4: pipinoelbreve9 folded before Flop (didn't bet)
Seat 5: Suave1984 folded before Flop (didn't bet)
Seat 6: JLL1929 collected (€0.05)



PokerStars Zoom Hand #258032594989:  Hold'em No Limit (€0.01/€0.02) - 2025/10/07 14:23:11 CET [2025/10/07 8:23:11 ET]
Table 'Arneb' 6-max Seat #1 is the button
Seat 1: hugmega (€5.07 in chips) 
Seat 2: Tyrandes4pattes (€2.22 in chips) 
Seat 3: pipinoelbreve9 (€2.02 in chips) 
Seat 4: SrWatanabe (€4.62 in chips) 
Seat 5: Suave1984 (€4.95 in chips) 
Seat 6: F.Faria13 (€0.72 in chips) 
Tyrandes4pattes: posts small blind €0.01
pipinoelbreve9: posts big blind €0.02
*** HOLE CARDS ***
Dealt to pipinoelbreve9 [2c Kd]
SrWatanabe: raises €0.02 to €0.04
Suave1984: folds 
F.Faria13: folds 
hugmega: folds 
Tyrandes4pattes: folds 
pipinoelbreve9: folds 
Uncalled bet (€0.02) returned to SrWatanabe
SrWatanabe collected €0.05 from pot
SrWatanabe: doesn't show hand 
*** SUMMARY ***
Total pot €0.05 | Rake €0 
Seat 1: hugmega (button) folded before Flop (didn't bet)
Seat 2: Tyrandes4pattes (small blind) folded before Flop
Seat 3: pipinoelbreve9 (big blind) folded before Flop
Seat 4: SrWatanabe collected (€0.05)
Seat 5: Suave1984 folded before Flop (didn't bet)
Seat 6: F.Faria13 folded before Flop (didn't bet)



PokerStars Zoom Hand #258032593374:  Hold'em No Limit (€0.01/€0.02) - 2025/10/07 14:22:58 CET [2025/10/07 8:22:58 ET]
Table 'Arneb' 6-max Seat #1 is the button
Seat 1: gsxr313 (€4.79 in chips) 
Seat 2: hugmega (€5.08 in chips) 
Seat 3: ese lines (€1.44 in chips) 
Seat 4: moricezedonk (€2.56 in chips) 
Seat 5: more457 (€1.64 in chips) 
Seat 6: pipinoelbreve9 (€2.02 in chips) 
hugmega: posts small blind €0.01
ese lines: posts big blind €0.02
*** HOLE CARDS ***
Dealt to pipinoelbreve9 [Qd 2d]
moricezedonk: folds 
more457: folds 
pipinoelbreve9: folds 
gsxr313: raises €0.04 to €0.06
hugmega: folds 
ese lines: folds 
Uncalled bet (€0.04) returned to gsxr313
gsxr313 collected €0.05 from pot
gsxr313: doesn't show hand 
*** SUMMARY ***
Total pot €0.05 | Rake €0 
Seat 1: gsxr313 (button) collected (€0.05)
Seat 2: hugmega (small blind) folded before Flop
Seat 3: ese lines (big blind) folded before Flop
Seat 4: moricezedonk folded before Flop (didn't bet)
Seat 5: more457 folded before Flop (didn't bet)
Seat 6: pipinoelbreve9 folded before Flop (didn't bet)



PokerStars Zoom Hand #258032589993:  Hold'em No Limit (€0.01/€0.02) - 2025/10/07 14:22:31 CET [2025/10/07 8:22:31 ET]
Table 'Arneb' 6-max Seat #1 is the button
Seat 1: guizzado16 (€2.78 in chips) 
Seat 2: pipinoelbreve9 (€2.03 in chips) 
Seat 3: TolPe20 (€1.81 in chips) 
Seat 4: gatperllebre (€1.94 in chips) 
Seat 5: xiro_7 (€2.08 in chips) 
Seat 6: FisherPro22 (€2 in chips) 
pipinoelbreve9: posts small blind €0.01
TolPe20: posts big blind €0.02
*** HOLE CARDS ***
Dealt to pipinoelbreve9 [7s Ad]
gatperllebre: raises €0.06 to €0.08
xiro_7: folds 
FisherPro22: raises €0.12 to €0.20
guizzado16: folds 
pipinoelbreve9: folds 
TolPe20: folds 
gatperllebre: calls €0.12
*** FLOP *** [7c 7h 9s]
gatperllebre: bets €0.06
FisherPro22: calls €0.06
*** TURN *** [7c 7h 9s] [Tc]
gatperllebre: bets €0.14
FisherPro22: raises €0.32 to €0.46
gatperllebre: folds 
Uncalled bet (€0.32) returned to FisherPro22
FisherPro22 collected €0.79 from pot
FisherPro22: doesn't show hand 
*** SUMMARY ***
Total pot €0.83 | Rake €0.04 
Board [7c 7h 9s Tc]
Seat 1: guizzado16 (button) folded before Flop (didn't bet)
Seat 2: pipinoelbreve9 (small blind) folded before Flop
Seat 3: TolPe20 (big blind) folded before Flop
Seat 4: gatperllebre folded on the Turn
Seat 5: xiro_7 folded before Flop (didn't bet)
Seat 6: FisherPro22 collected (€0.79)



PokerStars Zoom Hand #258032594471:  Hold'em No Limit (€0.01/€0.02) - 2025/10/07 14:23:07 CET [2025/10/07 8:23:07 ET]
Table 'Arneb' 6-max Seat #1 is the button
Seat 1: moricezedonk (€3.15 in chips) 
Seat 2: barbosa13165 (€1.69 in chips) 
Seat 3: Suave1984 (€4.25 in chips) 
Seat 4: pipinoelbreve9 (€2.02 in chips) 
Seat 5: SrWatanabe (€4.62 in chips) 
Seat 6: killerdeus1337 (€2.08 in chips) 
barbosa13165: posts small blind €0.01
Suave1984: posts big blind €0.02
*** HOLE CARDS ***
Dealt to pipinoelbreve9 [7s Ks]
pipinoelbreve9: folds 
SrWatanabe: folds 
killerdeus1337: folds 
moricezedonk: calls €0.02
barbosa13165: calls €0.01
Suave1984: checks 
*** FLOP *** [Qd 3c 9d]
barbosa13165: checks 
Suave1984: checks 
moricezedonk: checks 
*** TURN *** [Qd 3c 9d] [3h]
barbosa13165: checks 
Suave1984: checks 
moricezedonk: checks 
*** RIVER *** [Qd 3c 9d 3h] [3d]
barbosa13165: checks 
Suave1984: checks 
moricezedonk: checks 
*** SHOW DOWN ***
barbosa13165: shows [Td 6h] (three of a kind, Threes)
Suave1984: mucks hand 
moricezedonk: shows [7c Tc] (three of a kind, Threes)
barbosa13165 collected €0.03 from pot
moricezedonk collected €0.03 from pot
*** SUMMARY ***
Total pot €0.06 | Rake €0 
Board [Qd 3c 9d 3h 3d]
Seat 1: moricezedonk (button) showed [7c Tc] and won (€0.03) with three of a kind, Threes
Seat 2: barbosa13165 (small blind) showed [Td 6h] and won (€0.03) with three of a kind, Threes
Seat 3: Suave1984 (big blind) mucked [2d 8h]
Seat 4: pipinoelbreve9 folded before Flop (didn't bet)
Seat 5: SrWatanabe folded before Flop (didn't bet)
Seat 6: killerdeus1337 folded before Flop (didn't bet)



PokerStars Zoom Hand #258032590663:  Hold'em No Limit (€0.01/€0.02) - 2025/10/07 14:22:36 CET [2025/10/07 8:22:36 ET]
Table 'Arneb' 6-max Seat #1 is the button
Seat 1: ese lines (€1.45 in chips) 
Seat 2: javi382 (€2.50 in chips) 
Seat 3: jardel836 (€1.94 in chips) 
Seat 4: upapapipis (€1 in chips) 
Seat 5: pipinoelbreve9 (€2.02 in chips) 
Seat 6: xiro_7 (€2.08 in chips) 
javi382: posts small blind €0.01
jardel836: posts big blind €0.02
*** HOLE CARDS ***
Dealt to pipinoelbreve9 [6h Kh]
upapapipis: folds 
pipinoelbreve9: folds 
xiro_7: raises €0.02 to €0.04
ese lines: folds 
javi382 has timed out
javi382: folds 
jardel836: calls €0.02
*** FLOP *** [Ad Ac 9d]
jardel836: checks 
xiro_7: bets €0.05
jardel836: folds 
Uncalled bet (€0.05) returned to xiro_7
xiro_7 collected €0.09 from pot
xiro_7: doesn't show hand 
*** SUMMARY ***
Total pot €0.09 | Rake €0 
Board [Ad Ac 9d]
Seat 1: ese lines (button) folded before Flop (didn't bet)
Seat 2: javi382 (small blind) folded before Flop
Seat 3: jardel836 (big blind) folded on the Flop
Seat 4: upapapipis folded before Flop (didn't bet)
Seat 5: pipinoelbreve9 folded before Flop (didn't bet)
Seat 6: xiro_7 collected (€0.09)



PokerStars Zoom Hand #258032596273:  Hold'em No Limit (€0.01/€0.02) - 2025/10/07 14:23:22 CET [2025/10/07 8:23:22 ET]
Table 'Arneb' 6-max Seat #1 is the button
Seat 1: samien perro (€4.21 in chips) 
Seat 2: pipinoelbreve9 (€2 in chips) 
Seat 3: kekuss (€1.49 in chips) 
Seat 4: dragonfly2467 (€3.05 in chips) 
Seat 5: habana7 (€0.47 in chips) 
Seat 6: moricezedonk (€3.59 in chips) 
pipinoelbreve9: posts small blind €0.01
kekuss: posts big blind €0.02
*** HOLE CARDS ***
Dealt to pipinoelbreve9 [8h 7d]
dragonfly2467: folds 
habana7: calls €0.02
moricezedonk: folds 
samien perro: folds 
pipinoelbreve9: calls €0.01
kekuss: checks 
*** FLOP *** [2s 4d 9h]
pipinoelbreve9: checks 
kekuss: bets €0.03
habana7: folds 
pipinoelbreve9: calls €0.03
*** TURN *** [2s 4d 9h] [7s]
pipinoelbreve9: checks 
kekuss: bets €0.06
pipinoelbreve9: calls €0.06
*** RIVER *** [2s 4d 9h 7s] [7c]
pipinoelbreve9: checks 
kekuss: bets €0.12
pipinoelbreve9: raises €0.18 to €0.30
kekuss: calls €0.18
*** SHOW DOWN ***
pipinoelbreve9: shows [8h 7d] (three of a kind, Sevens)
kekuss: mucks hand 
pipinoelbreve9 collected €0.80 from pot
*** SUMMARY ***
Total pot €0.84 | Rake €0.04 
Board [2s 4d 9h 7s 7c]
Seat 1: samien perro (button) folded before Flop (didn't bet)
Seat 2: pipinoelbreve9 (small blind) showed [8h 7d] and won (€0.80) with three of a kind, Sevens
Seat 3: kekuss (big blind) mucked [Qc 9c]
Seat 4: dragonfly2467 folded before Flop (didn't bet)
Seat 5: habana7 folded on the Flop
Seat 6: moricezedonk folded before Flop (didn't bet)



PokerStars Zoom Hand #258032601910:  Hold'em No Limit (€0.01/€0.02) - 2025/10/07 14:24:07 CET [2025/10/07 8:24:07 ET]
Table 'Arneb' 6-max Seat #1 is the button
Seat 1: kekuss (€1.07 in chips) 
Seat 2: habana7 (€0.43 in chips) 
Seat 3: ese lines (€1.46 in chips) 
Seat 4: marsatack28 (€1.81 in chips) 
Seat 5: WILL-KILL-SOON (€0.89 in chips) 
Seat 6: pipinoelbreve9 (€2.39 in chips) 
habana7: posts small blind €0.01
ese lines: posts big blind €0.02
*** HOLE CARDS ***
Dealt to pipinoelbreve9 [2s 4s]
marsatack28: folds 
WILL-KILL-SOON: raises €0.04 to €0.06
pipinoelbreve9: folds 
kekuss: calls €0.06
habana7: folds 
ese lines: folds 
*** FLOP *** [4h 6s 5h]
WILL-KILL-SOON: bets €0.07
kekuss: calls €0.07
*** TURN *** [4h 6s 5h] [8d]
WILL-KILL-SOON: bets €0.14
kekuss: calls €0.14
*** RIVER *** [4h 6s 5h 8d] [Qd]
WILL-KILL-SOON: bets €0.27
kekuss: calls €0.27
*** SHOW DOWN ***
WILL-KILL-SOON: shows [Ks Kd] (a pair of Kings)
kekuss: mucks hand 
WILL-KILL-SOON collected €1.05 from pot
*** SUMMARY ***
Total pot €1.11 | Rake €0.06 
Board [4h 6s 5h 8d Qd]
Seat 1: kekuss (button) mucked [Ac Js]
Seat 2: habana7 (small blind) folded before Flop
Seat 3: ese lines (big blind) folded before Flop
Seat 4: marsatack28 folded before Flop (didn't bet)
Seat 5: WILL-KILL-SOON showed [Ks Kd] and won (€1.05) with a pair of Kings
Seat 6: pipinoelbreve9 folded before Flop (didn't bet)



PokerStars Zoom Hand #258032602417:  Hold'em No Limit (€0.01/€0.02) - 2025/10/07 14:24:11 CET [2025/10/07 8:24:11 ET]
Table 'Arneb' 6-max Seat #1 is the button
Seat 1: pipinoelbreve9 (€2.39 in chips) 
Seat 2: FisherPro22 (€2.37 in chips) 
Seat 3: SMN242 (€2 in chips) 
Seat 4: SrTTSC (€3.21 in chips) 
Seat 5: Tyrandes4pattes (€2.09 in chips) 
Seat 6: marsatack28 (€1.81 in chips) 
FisherPro22: posts small blind €0.01
SMN242: posts big blind €0.02
*** HOLE CARDS ***
Dealt to pipinoelbreve9 [Jh Qs]
SrTTSC: raises €0.02 to €0.04
Tyrandes4pattes: folds 
marsatack28: folds 
pipinoelbreve9: calls €0.04
FisherPro22: folds 
SMN242: folds 
*** FLOP *** [Ac Jd Qd]
SrTTSC: bets €0.03
pipinoelbreve9: calls €0.03
*** TURN *** [Ac Jd Qd] [Js]
SrTTSC: checks 
pipinoelbreve9: bets €0.11
SrTTSC: folds 
Uncalled bet (€0.11) returned to pipinoelbreve9
pipinoelbreve9 collected €0.16 from pot
pipinoelbreve9: doesn't show hand 
*** SUMMARY ***
Total pot €0.17 | Rake €0.01 
Board [Ac Jd Qd Js]
Seat 1: pipinoelbreve9 (button) collected (€0.16)
Seat 2: FisherPro22 (small blind) folded before Flop
Seat 3: SMN242 (big blind) folded before Flop
Seat 4: SrTTSC folded on the Turn
Seat 5: Tyrandes4pattes folded before Flop (didn't bet)
Seat 6: marsatack28 folded before Flop (didn't bet)



PokerStars Zoom Hand #258032606870:  Hold'em No Limit (€0.01/€0.02) - 2025/10/07 14:24:46 CET [2025/10/07 8:24:46 ET]
Table 'Arneb' 6-max Seat #1 is the button
Seat 1: hugmega (€4.99 in chips) 
Seat 2: diou78 (€1.66 in chips) 
Seat 3: Tyrandes4pattes (€2.98 in chips) 
Seat 4: gsxr313 (€4.98 in chips) 
Seat 5: pipinoelbreve9 (€2.48 in chips) 
Seat 6: guizzado16 (€2.84 in chips) 
diou78: posts small blind €0.01
Tyrandes4pattes: posts big blind €0.02
*** HOLE CARDS ***
Dealt to pipinoelbreve9 [Ts 2h]
gsxr313: raises €0.04 to €0.06
pipinoelbreve9: folds 
guizzado16: folds 
hugmega: folds 
diou78: folds 
Tyrandes4pattes: folds 
Uncalled bet (€0.04) returned to gsxr313
gsxr313 collected €0.05 from pot
gsxr313: doesn't show hand 
*** SUMMARY ***
Total pot €0.05 | Rake €0 
Seat 1: hugmega (button) folded before Flop (didn't bet)
Seat 2: diou78 (small blind) folded before Flop
Seat 3: Tyrandes4pattes (big blind) folded before Flop
Seat 4: gsxr313 collected (€0.05)
Seat 5: pipinoelbreve9 folded before Flop (didn't bet)
Seat 6: guizzado16 folded before Flop (didn't bet)



PokerStars Zoom Hand #258035409011:  Hold'em No Limit (€0.01/€0.02) - 2025/10/07 19:18:50 CET [2025/10/07 13:18:50 ET]
Table 'Arneb' 6-max Seat #1 is the button
Seat 1: JoanPons96 (€2.54 in chips) 
Seat 2: flyingspitfire (€2.62 in chips) 
Seat 3: pipinoelbreve9 (€2 in chips) 
Seat 4: gsxr313 (€2.43 in chips) 
Seat 5: A Besta 666 (€1.98 in chips) 
Seat 6: moricezedonk (€1.98 in chips) 
flyingspitfire: posts small blind €0.01
pipinoelbreve9: posts big blind €0.02
*** HOLE CARDS ***
Dealt to pipinoelbreve9 [7c Jh]
gsxr313: raises €0.04 to €0.06
A Besta 666: folds 
moricezedonk: folds 
JoanPons96: folds 
flyingspitfire: folds 
pipinoelbreve9: folds 
Uncalled bet (€0.04) returned to gsxr313
gsxr313 collected €0.05 from pot
gsxr313: doesn't show hand 
*** SUMMARY ***
Total pot €0.05 | Rake €0 
Seat 1: JoanPons96 (button) folded before Flop (didn't bet)
Seat 2: flyingspitfire (small blind) folded before Flop
Seat 3: pipinoelbreve9 (big blind) folded before Flop
Seat 4: gsxr313 collected (€0.05)
Seat 5: A Besta 666 folded before Flop (didn't bet)
Seat 6: moricezedonk folded before Flop (didn't bet)



PokerStars Zoom Hand #258035411703:  Hold'em No Limit (€0.01/€0.02) - 2025/10/07 19:19:03 CET [2025/10/07 13:19:03 ET]
Table 'Arneb' 6-max Seat #1 is the button
Seat 1: TATAMUSSA (€2.32 in chips) 
Seat 2: pipinoelbreve9 (€2 in chips) 
Seat 3: flyingspitfire (€2.61 in chips) 
Seat 4: MoreSoda (€2.08 in chips) 
Seat 5: x Txipi x (€3.60 in chips) 
Seat 6: hourglasses (€2.60 in chips) 
pipinoelbreve9: posts small blind €0.01
flyingspitfire: posts big blind €0.02
*** HOLE CARDS ***
Dealt to pipinoelbreve9 [4c Ad]
MoreSoda: folds 
x Txipi x: folds 
hourglasses: raises €0.03 to €0.05
TATAMUSSA: calls €0.05
pipinoelbreve9: folds 
flyingspitfire: folds 
*** FLOP *** [6d 5c 9c]
hourglasses: bets €0.10
TATAMUSSA: calls €0.10
*** TURN *** [6d 5c 9c] [4d]
hourglasses: bets €0.50
TATAMUSSA: calls €0.50
*** RIVER *** [6d 5c 9c 4d] [3s]
hourglasses: bets €1.95 and is all-in
TATAMUSSA: calls €1.67 and is all-in
Uncalled bet (€0.28) returned to hourglasses
*** SHOW DOWN ***
hourglasses: shows [8c 7c] (a straight, Five to Nine)
TATAMUSSA: shows [Ac 2s] (a straight, Deuce to Six)
hourglasses collected €4.44 from pot
*** SUMMARY ***
Total pot €4.67 | Rake €0.23 
Board [6d 5c 9c 4d 3s]
Seat 1: TATAMUSSA (button) showed [Ac 2s] and lost with a straight, Deuce to Six
Seat 2: pipinoelbreve9 (small blind) folded before Flop
Seat 3: flyingspitfire (big blind) folded before Flop
Seat 4: MoreSoda folded before Flop (didn't bet)
Seat 5: x Txipi x folded before Flop (didn't bet)
Seat 6: hourglasses showed [8c 7c] and won (€4.44) with a straight, Five to Nine



PokerStars Zoom Hand #258035414251:  Hold'em No Limit (€0.01/€0.02) - 2025/10/07 19:19:16 CET [2025/10/07 13:19:16 ET]
Table 'Arneb' 6-max Seat #1 is the button
Seat 1: pipinoelbreve9 (€2 in chips) 
Seat 2: 80huracan (€2.14 in chips) 
Seat 3: Toppo_016 (€7.86 in chips) 
Seat 4: juanki37 (€2.62 in chips) 
Seat 5: MaxiMick (€2.03 in chips) 
Seat 6: x Txipi x (€3.60 in chips) 
80huracan: posts small blind €0.01
Toppo_016: posts big blind €0.02
*** HOLE CARDS ***
Dealt to pipinoelbreve9 [7h 5h]
juanki37: folds 
MaxiMick: folds 
x Txipi x: folds 
pipinoelbreve9: raises €0.04 to €0.06
80huracan: folds 
Toppo_016: calls €0.04
*** FLOP *** [8s Ts 7d]
Toppo_016: checks 
pipinoelbreve9: bets €0.04
Toppo_016: raises €0.04 to €0.08
pipinoelbreve9: calls €0.04
*** TURN *** [8s Ts 7d] [6d]
Toppo_016: checks 
pipinoelbreve9: bets €0.22
Toppo_016: calls €0.22
*** RIVER *** [8s Ts 7d 6d] [3d]
Toppo_016: checks 
pipinoelbreve9: bets €0.50
Toppo_016: folds 
Uncalled bet (€0.50) returned to pipinoelbreve9
pipinoelbreve9 collected €0.69 from pot
pipinoelbreve9: doesn't show hand 
*** SUMMARY ***
Total pot €0.73 | Rake €0.04 
Board [8s Ts 7d 6d 3d]
Seat 1: pipinoelbreve9 (button) collected (€0.69)
Seat 2: 80huracan (small blind) folded before Flop
Seat 3: Toppo_016 (big blind) folded on the River
Seat 4: juanki37 folded before Flop (didn't bet)
Seat 5: MaxiMick folded before Flop (didn't bet)
Seat 6: x Txipi x folded before Flop (didn't bet)



PokerStars Zoom Hand #258035430210:  Hold'em No Limit (€0.01/€0.02) - 2025/10/07 19:20:33 CET [2025/10/07 13:20:33 ET]
Table 'Arneb' 6-max Seat #1 is the button
Seat 1: moricezedonk (€3.81 in chips) 
Seat 2: saintblair (€1.80 in chips) 
Seat 3: pipinoelbreve9 (€2.33 in chips) 
Seat 4: nitramonon (€2.02 in chips) 
Seat 5: more457 (€1.30 in chips) 
Seat 6: alfonsoterrible (€4.43 in chips) 
saintblair: posts small blind €0.01
pipinoelbreve9: posts big blind €0.02
*** HOLE CARDS ***
Dealt to pipinoelbreve9 [4h 8h]
nitramonon: raises €0.03 to €0.05
more457: folds 
alfonsoterrible: folds 
moricezedonk: folds 
saintblair: calls €0.04
pipinoelbreve9: folds 
*** FLOP *** [6s Ks 6h]
saintblair: checks 
nitramonon: bets €0.06
saintblair: folds 
Uncalled bet (€0.06) returned to nitramonon
nitramonon collected €0.11 from pot
nitramonon: doesn't show hand 
*** SUMMARY ***
Total pot €0.12 | Rake €0.01 
Board [6s Ks 6h]
Seat 1: moricezedonk (button) folded before Flop (didn't bet)
Seat 2: saintblair (small blind) folded on the Flop
Seat 3: pipinoelbreve9 (big blind) folded before Flop
Seat 4: nitramonon collected (€0.11)
Seat 5: more457 folded before Flop (didn't bet)
Seat 6: alfonsoterrible folded before Flop (didn't bet)



PokerStars Zoom Hand #258035429380:  Hold'em No Limit (€0.01/€0.02) - 2025/10/07 19:20:29 CET [2025/10/07 13:20:29 ET]
Table 'Arneb' 6-max Seat #1 is the button
Seat 1: VEGAMAR (€2.83 in chips) 
Seat 2: rafesaes (€2.17 in chips) 
Seat 3: Bestiote (€1.67 in chips) 
Seat 4: Toppo_016 (€7.50 in chips) 
Seat 5: 80huracan (€2.17 in chips) 
Seat 6: pipinoelbreve9 (€2.33 in chips) 
rafesaes: posts small blind €0.01
Bestiote: posts big blind €0.02
*** HOLE CARDS ***
Dealt to pipinoelbreve9 [7s 2h]
Toppo_016: raises €0.05 to €0.07
80huracan: folds 
pipinoelbreve9: folds 
VEGAMAR: folds 
rafesaes: calls €0.06
Bestiote: folds 
*** FLOP *** [5d Td 9c]
rafesaes: checks 
Toppo_016: bets €0.05
rafesaes: calls €0.05
*** TURN *** [5d Td 9c] [4c]
rafesaes: checks 
Toppo_016: bets €0.08
rafesaes: calls €0.08
*** RIVER *** [5d Td 9c 4c] [2s]
rafesaes: checks 
Toppo_016: bets €0.30
rafesaes: folds 
Uncalled bet (€0.30) returned to Toppo_016
Toppo_016 collected €0.40 from pot
Toppo_016: doesn't show hand 
*** SUMMARY ***
Total pot €0.42 | Rake €0.02 
Board [5d Td 9c 4c 2s]
Seat 1: VEGAMAR (button) folded before Flop (didn't bet)
Seat 2: rafesaes (small blind) folded on the River
Seat 3: Bestiote (big blind) folded before Flop
Seat 4: Toppo_016 collected (€0.40)
Seat 5: 80huracan folded before Flop (didn't bet)
Seat 6: pipinoelbreve9 folded before Flop (didn't bet)



PokerStars Zoom Hand #258035434872:  Hold'em No Limit (€0.01/€0.02) - 2025/10/07 19:20:55 CET [2025/10/07 13:20:55 ET]
Table 'Arneb' 6-max Seat #1 is the button
Seat 1: 80huracan (€2.16 in chips) 
Seat 2: gsxr313 (€2.47 in chips) 
Seat 3: ñlkjh33 (€2.08 in chips) 
Seat 4: rodmatos (€2.36 in chips) 
Seat 5: pipinoelbreve9 (€2.31 in chips) 
Seat 6: JoanPons96 (€2.48 in chips) 
gsxr313: posts small blind €0.01
ñlkjh33: posts big blind €0.02
*** HOLE CARDS ***
Dealt to pipinoelbreve9 [Td Tc]
rodmatos: raises €0.03 to €0.05
pipinoelbreve9: calls €0.05
JoanPons96: raises €0.21 to €0.26
80huracan: folds 
gsxr313: folds 
ñlkjh33: folds 
rodmatos: folds 
pipinoelbreve9: calls €0.21
*** FLOP *** [2c 7c 4s]
pipinoelbreve9: checks 
JoanPons96: bets €0.21
pipinoelbreve9: calls €0.21
*** TURN *** [2c 7c 4s] [Ac]
pipinoelbreve9: checks 
JoanPons96: bets €0.29
pipinoelbreve9: calls €0.29
*** RIVER *** [2c 7c 4s Ac] [4d]
pipinoelbreve9: checks 
JoanPons96: checks 
*** SHOW DOWN ***
pipinoelbreve9: shows [Td Tc] (two pair, Tens and Fours)
JoanPons96: shows [Qh Qd] (two pair, Queens and Fours)
JoanPons96 collected €1.52 from pot
*** SUMMARY ***
Total pot €1.60 | Rake €0.08 
Board [2c 7c 4s Ac 4d]
Seat 1: 80huracan (button) folded before Flop (didn't bet)
Seat 2: gsxr313 (small blind) folded before Flop
Seat 3: ñlkjh33 (big blind) folded before Flop
Seat 4: rodmatos folded before Flop
Seat 5: pipinoelbreve9 showed [Td Tc] and lost with two pair, Tens and Fours
Seat 6: JoanPons96 showed [Qh Qd] and won (€1.52) with two pair, Queens and Fours



PokerStars Zoom Hand #258035450219:  Hold'em No Limit (€0.01/€0.02) - 2025/10/07 19:22:09 CET [2025/10/07 13:22:09 ET]
Table 'Arneb' 6-max Seat #1 is the button
Seat 1: mcwilo (€1.67 in chips) 
Seat 2: pipinoelbreve9 (€2 in chips) 
Seat 3: chiri204 (€2.84 in chips) 
Seat 4: juanki37 (€2.53 in chips) 
Seat 5: rodmatos (€2.82 in chips) 
Seat 6: pzjohn (€1.97 in chips) 
pipinoelbreve9: posts small blind €0.01
chiri204: posts big blind €0.02
*** HOLE CARDS ***
Dealt to pipinoelbreve9 [Ts 4d]
juanki37: folds 
rodmatos: raises €0.03 to €0.05
pzjohn: folds 
mcwilo: folds 
pipinoelbreve9: folds 
chiri204: calls €0.03
*** FLOP *** [6c 5h 2d]
chiri204: checks 
rodmatos: checks 
*** TURN *** [6c 5h 2d] [Ad]
chiri204: bets €0.04
rodmatos: folds 
Uncalled bet (€0.04) returned to chiri204
chiri204 collected €0.10 from pot
chiri204: doesn't show hand 
*** SUMMARY ***
Total pot €0.11 | Rake €0.01 
Board [6c 5h 2d Ad]
Seat 1: mcwilo (button) folded before Flop (didn't bet)
Seat 2: pipinoelbreve9 (small blind) folded before Flop
Seat 3: chiri204 (big blind) collected (€0.10)
Seat 4: juanki37 folded before Flop (didn't bet)
Seat 5: rodmatos folded on the Turn
Seat 6: pzjohn folded before Flop (didn't bet)



PokerStars Zoom Hand #258035452074:  Hold'em No Limit (€0.01/€0.02) - 2025/10/07 19:22:18 CET [2025/10/07 13:22:18 ET]
Table 'Arneb' 6-max Seat #1 is the button
Seat 1: 80huracan (€3.82 in chips) 
Seat 2: SrTTSC (€5.82 in chips) 
Seat 3: burgoa89 (€2.34 in chips) 
Seat 4: pipinoelbreve9 (€2 in chips) 
Seat 5: hourglasses (€4.63 in chips) 
Seat 6: aritzames (€3.16 in chips) 
SrTTSC: posts small blind €0.01
burgoa89: posts big blind €0.02
*** HOLE CARDS ***
Dealt to pipinoelbreve9 [3s 7c]
pipinoelbreve9: folds 
hourglasses: raises €0.03 to €0.05
aritzames: folds 
80huracan: folds 
SrTTSC: raises €0.17 to €0.22
burgoa89: folds 
hourglasses: folds 
Uncalled bet (€0.17) returned to SrTTSC
SrTTSC collected €0.12 from pot
SrTTSC: doesn't show hand 
*** SUMMARY ***
Total pot €0.12 | Rake €0 
Seat 1: 80huracan (button) folded before Flop (didn't bet)
Seat 2: SrTTSC (small blind) collected (€0.12)
Seat 3: burgoa89 (big blind) folded before Flop
Seat 4: pipinoelbreve9 folded before Flop (didn't bet)
Seat 5: hourglasses folded before Flop
Seat 6: aritzames folded before Flop (didn't bet)



PokerStars Zoom Hand #258035456171:  Hold'em No Limit (€0.01/€0.02) - 2025/10/07 19:22:38 CET [2025/10/07 13:22:38 ET]
Table 'Arneb' 6-max Seat #1 is the button
Seat 1: rodmatos (€2.76 in chips) 
Seat 2: FAUCES (€2.90 in chips) 
Seat 3: pipinoelbreve9 (€2 in chips) 
Seat 4: x Txipi x (€3.78 in chips) 
Seat 5: _rgm8533 (€1.87 in chips) 
Seat 6: Siddharta33 (€1.03 in chips) 
FAUCES: posts small blind €0.01
pipinoelbreve9: posts big blind €0.02
*** HOLE CARDS ***
Dealt to pipinoelbreve9 [Qs 8c]
x Txipi x: folds 
_rgm8533: raises €0.02 to €0.04
Siddharta33: folds 
rodmatos: folds 
FAUCES: folds 
pipinoelbreve9: folds 
Uncalled bet (€0.02) returned to _rgm8533
_rgm8533 collected €0.05 from pot
_rgm8533: doesn't show hand 
*** SUMMARY ***
Total pot €0.05 | Rake €0 
Seat 1: rodmatos (button) folded before Flop (didn't bet)
Seat 2: FAUCES (small blind) folded before Flop
Seat 3: pipinoelbreve9 (big blind) folded before Flop
Seat 4: x Txipi x folded before Flop (didn't bet)
Seat 5: _rgm8533 collected (€0.05)
Seat 6: Siddharta33 folded before Flop (didn't bet)



PokerStars Zoom Hand #258035449566:  Hold'em No Limit (€0.01/€0.02) - 2025/10/07 19:22:06 CET [2025/10/07 13:22:06 ET]
Table 'Arneb' 6-max Seat #1 is the button
Seat 1: Heisenberg088 (€0.71 in chips) 
Seat 2: mcwilo (€1.68 in chips) 
Seat 3: hourglasses (€2.83 in chips) 
Seat 4: pipinoelbreve9 (€2 in chips) 
Seat 5: Siddharta33 (€1.24 in chips) 
Seat 6: tonid00kie (€3.39 in chips) 
mcwilo: posts small blind €0.01
hourglasses: posts big blind €0.02
*** HOLE CARDS ***
Dealt to pipinoelbreve9 [7c Kh]
pipinoelbreve9: folds 
Siddharta33: folds 
tonid00kie: raises €0.04 to €0.06
Heisenberg088: calls €0.06
mcwilo: folds 
hourglasses: folds 
*** FLOP *** [8c Jd Ks]
tonid00kie: bets €0.05
Heisenberg088: calls €0.05
*** TURN *** [8c Jd Ks] [4s]
tonid00kie: checks 
Heisenberg088: bets €0.12
tonid00kie: calls €0.12
*** RIVER *** [8c Jd Ks 4s] [Td]
tonid00kie: bets €3.16 and is all-in
Heisenberg088: folds 
Uncalled bet (€3.16) returned to tonid00kie
tonid00kie collected €0.47 from pot
tonid00kie: doesn't show hand 
*** SUMMARY ***
Total pot €0.49 | Rake €0.02 
Board [8c Jd Ks 4s Td]
Seat 1: Heisenberg088 (button) folded on the River
Seat 2: mcwilo (small blind) folded before Flop
Seat 3: hourglasses (big blind) folded before Flop
Seat 4: pipinoelbreve9 folded before Flop (didn't bet)
Seat 5: Siddharta33 folded before Flop (didn't bet)
Seat 6: tonid00kie collected (€0.47)



PokerStars Zoom Hand #258035452921:  Hold'em No Limit (€0.01/€0.02) - 2025/10/07 19:22:22 CET [2025/10/07 13:22:22 ET]
Table 'Arneb' 6-max Seat #1 is the button
Seat 1: pipinoelbreve9 (€2 in chips) 
Seat 2: Alexborges84 (€6.13 in chips) 
Seat 3: PolCuenca (€2.05 in chips) 
Seat 4: aritzames (€8.03 in chips) 
Seat 5: Benji200506 (€1.69 in chips) 
Seat 6: smrj1976 (€4.63 in chips) 
Alexborges84: posts small blind €0.01
PolCuenca: posts big blind €0.02
*** HOLE CARDS ***
Dealt to pipinoelbreve9 [8c As]
aritzames: folds 
Benji200506: calls €0.02
smrj1976: raises €0.04 to €0.06
pipinoelbreve9: folds 
Alexborges84: folds 
PolCuenca: folds 
Benji200506: calls €0.04
*** FLOP *** [Kh 7d 9s]
Benji200506: checks 
smrj1976: bets €0.14
Benji200506: calls €0.14
*** TURN *** [Kh 7d 9s] [7c]
Benji200506: checks 
smrj1976: checks 
*** RIVER *** [Kh 7d 9s 7c] [2d]
Benji200506: checks 
smrj1976: bets €0.41
Benji200506: calls €0.41
*** SHOW DOWN ***
smrj1976: shows [Kc Qs] (two pair, Kings and Sevens)
Benji200506: mucks hand 
smrj1976 collected €1.19 from pot
*** SUMMARY ***
Total pot €1.25 | Rake €0.06 
Board [Kh 7d 9s 7c 2d]
Seat 1: pipinoelbreve9 (button) folded before Flop (didn't bet)
Seat 2: Alexborges84 (small blind) folded before Flop
Seat 3: PolCuenca (big blind) folded before Flop
Seat 4: aritzames folded before Flop (didn't bet)
Seat 5: Benji200506 mucked [Tc Ks]
Seat 6: smrj1976 showed [Kc Qs] and won (€1.19) with two pair, Kings and Sevens



PokerStars Zoom Hand #258035459325:  Hold'em No Limit (€0.01/€0.02) - 2025/10/07 19:22:53 CET [2025/10/07 13:22:53 ET]
Table 'Arneb' 6-max Seat #1 is the button
Seat 1: ssjimmyss88 (€2.85 in chips) 
Seat 2: gsxr313 (€1.75 in chips) 
Seat 3: rafesaes (€1.77 in chips) 
Seat 4: PolCuenca (€1.44 in chips) 
Seat 5: verlar10 (€3.48 in chips) 
Seat 6: pipinoelbreve9 (€2 in chips) 
gsxr313: posts small blind €0.01
rafesaes: posts big blind €0.02
*** HOLE CARDS ***
Dealt to pipinoelbreve9 [Kc Jd]
PolCuenca: folds 
verlar10: folds 
pipinoelbreve9: raises €0.04 to €0.06
ssjimmyss88: folds 
gsxr313: folds 
rafesaes: calls €0.04
*** FLOP *** [6d Qc 7c]
rafesaes: checks 
pipinoelbreve9: checks 
*** TURN *** [6d Qc 7c] [3h]
rafesaes: checks 
pipinoelbreve9: bets €0.04
rafesaes: folds 
Uncalled bet (€0.04) returned to pipinoelbreve9
pipinoelbreve9 collected €0.12 from pot
pipinoelbreve9: doesn't show hand 
*** SUMMARY ***
Total pot €0.13 | Rake €0.01 
Board [6d Qc 7c 3h]
Seat 1: ssjimmyss88 (button) folded before Flop (didn't bet)
Seat 2: gsxr313 (small blind) folded before Flop
Seat 3: rafesaes (big blind) folded on the Turn
Seat 4: PolCuenca folded before Flop (didn't bet)
Seat 5: verlar10 folded before Flop (didn't bet)
Seat 6: pipinoelbreve9 collected (€0.12)



PokerStars Zoom Hand #258035471547:  Hold'em No Limit (€0.01/€0.02) - 2025/10/07 19:23:52 CET [2025/10/07 13:23:52 ET]
Table 'Arneb' 6-max Seat #1 is the button
Seat 1: pipinoelbreve9 (€2.06 in chips) 
Seat 2: burgoa89 (€2.06 in chips) 
Seat 3: MaxiMick (€2.08 in chips) 
Seat 4: SrTTSC (€3.82 in chips) 
Seat 5: BestiaESP12 (€2.69 in chips) 
Seat 6: rafesaes (€4.93 in chips) 
burgoa89: posts small blind €0.01
MaxiMick: posts big blind €0.02
*** HOLE CARDS ***
Dealt to pipinoelbreve9 [3d 4h]
SrTTSC: folds 
BestiaESP12: folds 
rafesaes: folds 
pipinoelbreve9: folds 
burgoa89: raises €0.04 to €0.06
MaxiMick: folds 
Uncalled bet (€0.04) returned to burgoa89
burgoa89 collected €0.04 from pot
burgoa89: doesn't show hand 
*** SUMMARY ***
Total pot €0.04 | Rake €0 
Seat 1: pipinoelbreve9 (button) folded before Flop (didn't bet)
Seat 2: burgoa89 (small blind) collected (€0.04)
Seat 3: MaxiMick (big blind) folded before Flop
Seat 4: SrTTSC folded before Flop (didn't bet)
Seat 5: BestiaESP12 folded before Flop (didn't bet)
Seat 6: rafesaes folded before Flop (didn't bet)



PokerStars Zoom Hand #258035474947:  Hold'em No Limit (€0.01/€0.02) - 2025/10/07 19:24:08 CET [2025/10/07 13:24:08 ET]
Table 'Arneb' 6-max Seat #1 is the button
Seat 1: A Besta 666 (€2.04 in chips) 
Seat 2: x Txipi x (€3.89 in chips) 
Seat 3: JoanPons96 (€3.18 in chips) 
Seat 4: pipinoelbreve9 (€2.05 in chips) 
Seat 5: verlar10 (€3.55 in chips) 
Seat 6: burgoa89 (€2.35 in chips) 
x Txipi x: posts small blind €0.01
JoanPons96: posts big blind €0.02
*** HOLE CARDS ***
Dealt to pipinoelbreve9 [9d Kd]
pipinoelbreve9: raises €0.04 to €0.06
verlar10: folds 
burgoa89: folds 
A Besta 666: folds 
x Txipi x: folds 
JoanPons96: folds 
Uncalled bet (€0.04) returned to pipinoelbreve9
pipinoelbreve9 collected €0.05 from pot
pipinoelbreve9: doesn't show hand 
*** SUMMARY ***
Total pot €0.05 | Rake €0 
Seat 1: A Besta 666 (button) folded before Flop (didn't bet)
Seat 2: x Txipi x (small blind) folded before Flop
Seat 3: JoanPons96 (big blind) folded before Flop
Seat 4: pipinoelbreve9 collected (€0.05)
Seat 5: verlar10 folded before Flop (didn't bet)
Seat 6: burgoa89 folded before Flop (didn't bet)



PokerStars Zoom Hand #258035474029:  Hold'em No Limit (€0.01/€0.02) - 2025/10/07 19:24:04 CET [2025/10/07 13:24:04 ET]
Table 'Arneb' 6-max Seat #1 is the button
Seat 1: SrTTSC (€3.82 in chips) 
Seat 2: pipinoelbreve9 (€2.06 in chips) 
Seat 3: Costas1006 (€2.44 in chips) 
Seat 4: JoanPons96 (€3.18 in chips) 
Seat 5: rafesaes (€4.93 in chips) 
Seat 6: juanki37 (€2.36 in chips) 
pipinoelbreve9: posts small blind €0.01
Costas1006: posts big blind €0.02
*** HOLE CARDS ***
Dealt to pipinoelbreve9 [Ac 4h]
JoanPons96: folds 
rafesaes: folds 
juanki37: folds 
SrTTSC: raises €0.03 to €0.05
pipinoelbreve9: folds 
Costas1006: calls €0.03
*** FLOP *** [2c 2d 5d]
Costas1006: checks 
SrTTSC: bets €0.03
Costas1006: folds 
Uncalled bet (€0.03) returned to SrTTSC
SrTTSC collected €0.10 from pot
SrTTSC: doesn't show hand 
*** SUMMARY ***
Total pot €0.11 | Rake €0.01 
Board [2c 2d 5d]
Seat 1: SrTTSC (button) collected (€0.10)
Seat 2: pipinoelbreve9 (small blind) folded before Flop
Seat 3: Costas1006 (big blind) folded on the Flop
Seat 4: JoanPons96 folded before Flop (didn't bet)
Seat 5: rafesaes folded before Flop (didn't bet)
Seat 6: juanki37 folded before Flop (didn't bet)



PokerStars Zoom Hand #258035472725:  Hold'em No Limit (€0.01/€0.02) - 2025/10/07 19:23:57 CET [2025/10/07 13:23:57 ET]
Table 'Arneb' 6-max Seat #1 is the button
Seat 1: rafesaes (€4.93 in chips) 
Seat 2: A Besta 666 (€1.73 in chips) 
Seat 3: trgonzaga33 (€1.11 in chips) 
Seat 4: Montana c4$h (€2 in chips) 
Seat 5: SrTTSC (€3.82 in chips) 
Seat 6: pipinoelbreve9 (€2.06 in chips) 
A Besta 666: posts small blind €0.01
trgonzaga33: posts big blind €0.02
*** HOLE CARDS ***
Dealt to pipinoelbreve9 [Td 7s]
Montana c4$h: folds 
SrTTSC: folds 
pipinoelbreve9: folds 
rafesaes: folds 
A Besta 666: calls €0.01
trgonzaga33: checks 
*** FLOP *** [Qd 4c 7c]
A Besta 666: checks 
trgonzaga33: checks 
*** TURN *** [Qd 4c 7c] [4h]
A Besta 666: checks 
trgonzaga33: checks 
*** RIVER *** [Qd 4c 7c 4h] [2s]
A Besta 666: checks 
trgonzaga33: bets €0.02
A Besta 666: folds 
Uncalled bet (€0.02) returned to trgonzaga33
trgonzaga33 collected €0.04 from pot
trgonzaga33: doesn't show hand 
*** SUMMARY ***
Total pot €0.04 | Rake €0 
Board [Qd 4c 7c 4h 2s]
Seat 1: rafesaes (button) folded before Flop (didn't bet)
Seat 2: A Besta 666 (small blind) folded on the River
Seat 3: trgonzaga33 (big blind) collected (€0.04)
Seat 4: Montana c4$h folded before Flop (didn't bet)
Seat 5: SrTTSC folded before Flop (didn't bet)
Seat 6: pipinoelbreve9 folded before Flop (didn't bet)



PokerStars Zoom Hand #258035479313:  Hold'em No Limit (€0.01/€0.02) - 2025/10/07 19:24:29 CET [2025/10/07 13:24:29 ET]
Table 'Arneb' 6-max Seat #1 is the button
Seat 1: rafesaes (€1.85 in chips) 
Seat 2: gsxr313 (€2.32 in chips) 
Seat 3: ssjimmyss88 (€3.04 in chips) 
Seat 4: burgoa89 (€2.33 in chips) 
Seat 5: BestiaESP12 (€2 in chips) 
Seat 6: pipinoelbreve9 (€2.08 in chips) 
gsxr313: posts small blind €0.01
ssjimmyss88: posts big blind €0.02
*** HOLE CARDS ***
Dealt to pipinoelbreve9 [9s Td]
burgoa89: folds 
BestiaESP12 has timed out
BestiaESP12: folds 
pipinoelbreve9: folds 
rafesaes: raises €0.04 to €0.06
gsxr313: folds 
ssjimmyss88: folds 
Uncalled bet (€0.04) returned to rafesaes
rafesaes collected €0.05 from pot
rafesaes: doesn't show hand 
*** SUMMARY ***
Total pot €0.05 | Rake €0 
Seat 1: rafesaes (button) collected (€0.05)
Seat 2: gsxr313 (small blind) folded before Flop
Seat 3: ssjimmyss88 (big blind) folded before Flop
Seat 4: burgoa89 folded before Flop (didn't bet)
Seat 5: BestiaESP12 folded before Flop (didn't bet)
Seat 6: pipinoelbreve9 folded before Flop (didn't bet)



PokerStars Zoom Hand #258035478285:  Hold'em No Limit (€0.01/€0.02) - 2025/10/07 19:24:24 CET [2025/10/07 13:24:24 ET]
Table 'Arneb' 6-max Seat #1 is the button
Seat 1: Montana c4$h (€2 in chips) 
Seat 2: JLKE (€2.20 in chips) 
Seat 3: hourglasses (€2.97 in chips) 
Seat 4: 80huracan (€4.27 in chips) 
Seat 5: pipinoelbreve9 (€2.08 in chips) 
Seat 6: mcwilo (€1.20 in chips) 
JLKE: posts small blind €0.01
hourglasses: posts big blind €0.02
*** HOLE CARDS ***
Dealt to pipinoelbreve9 [6s Jc]
80huracan: folds 
pipinoelbreve9: folds 
mcwilo: raises €0.03 to €0.05
Montana c4$h: raises €0.10 to €0.15
JLKE: folds 
hourglasses: folds 
mcwilo: calls €0.10
*** FLOP *** [4s 8h Kc]
mcwilo: checks 
Montana c4$h: bets €0.10
mcwilo: calls €0.10
*** TURN *** [4s 8h Kc] [3d]
mcwilo: checks 
Montana c4$h: checks 
*** RIVER *** [4s 8h Kc 3d] [Jh]
mcwilo: checks 
Montana c4$h: checks 
*** SHOW DOWN ***
mcwilo: shows [Kd Qd] (a pair of Kings)
Montana c4$h: mucks hand 
mcwilo collected €0.50 from pot
*** SUMMARY ***
Total pot €0.53 | Rake €0.03 
Board [4s 8h Kc 3d Jh]
Seat 1: Montana c4$h (button) mucked [Ad Qc]
Seat 2: JLKE (small blind) folded before Flop
Seat 3: hourglasses (big blind) folded before Flop
Seat 4: 80huracan folded before Flop (didn't bet)
Seat 5: pipinoelbreve9 folded before Flop (didn't bet)
Seat 6: mcwilo showed [Kd Qd] and won (€0.50) with a pair of Kings



PokerStars Zoom Hand #258035480396:  Hold'em No Limit (€0.01/€0.02) - 2025/10/07 19:24:34 CET [2025/10/07 13:24:34 ET]
Table 'Arneb' 6-max Seat #1 is the button
Seat 1: Siddharta33 (€1.04 in chips) 
Seat 2: ELFJET (€1.98 in chips) 
Seat 3: pipinoelbreve9 (€2.08 in chips) 
Seat 4: gsxr313 (€1.81 in chips) 
Seat 5: vegano504 (€1.93 in chips) 
Seat 6: eleddu (€1.42 in chips) 
ELFJET: posts small blind €0.01
pipinoelbreve9: posts big blind €0.02
*** HOLE CARDS ***
Dealt to pipinoelbreve9 [2d 2c]
gsxr313: folds 
vegano504: calls €0.02
eleddu: calls €0.02
Siddharta33: folds 
ELFJET: folds 
pipinoelbreve9: checks 
*** FLOP *** [5h 5c 6h]
pipinoelbreve9: checks 
vegano504: checks 
eleddu: checks 
*** TURN *** [5h 5c 6h] [3h]
pipinoelbreve9: checks 
vegano504: checks 
eleddu: checks 
*** RIVER *** [5h 5c 6h 3h] [Qc]
pipinoelbreve9: checks 
vegano504: checks 
eleddu: checks 
*** SHOW DOWN ***
pipinoelbreve9: shows [2d 2c] (two pair, Fives and Deuces)
vegano504: mucks hand 
eleddu: mucks hand 
pipinoelbreve9 collected €0.07 from pot
*** SUMMARY ***
Total pot €0.07 | Rake €0 
Board [5h 5c 6h 3h Qc]
Seat 1: Siddharta33 (button) folded before Flop (didn't bet)
Seat 2: ELFJET (small blind) folded before Flop
Seat 3: pipinoelbreve9 (big blind) showed [2d 2c] and won (€0.07) with two pair, Fives and Deuces
Seat 4: gsxr313 folded before Flop (didn't bet)
Seat 5: vegano504 mucked [9c Tc]
Seat 6: eleddu mucked [Ah Jc]



PokerStars Zoom Hand #258035493277:  Hold'em No Limit (€0.01/€0.02) - 2025/10/07 19:25:36 CET [2025/10/07 13:25:36 ET]
Table 'Arneb' 6-max Seat #1 is the button
Seat 1: BestiaESP12 (€2 in chips) 
Seat 2: burgoa89 (€2.61 in chips) 
Seat 3: Siddharta33 (€1 in chips) 
Seat 4: x Txipi x (€3.92 in chips) 
Seat 5: pipinoelbreve9 (€2.12 in chips) 
Seat 6: nitramonon (€2 in chips) 
burgoa89: posts small blind €0.01
Siddharta33: posts big blind €0.02
*** HOLE CARDS ***
Dealt to pipinoelbreve9 [6d Ts]
x Txipi x: folds 
pipinoelbreve9: folds 
nitramonon: folds 
BestiaESP12: folds 
burgoa89: folds 
Uncalled bet (€0.01) returned to Siddharta33
Siddharta33 collected €0.02 from pot
Siddharta33: doesn't show hand 
*** SUMMARY ***
Total pot €0.02 | Rake €0 
Seat 1: BestiaESP12 (button) folded before Flop (didn't bet)
Seat 2: burgoa89 (small blind) folded before Flop
Seat 3: Siddharta33 (big blind) collected (€0.02)
Seat 4: x Txipi x folded before Flop (didn't bet)
Seat 5: pipinoelbreve9 folded before Flop (didn't bet)
Seat 6: nitramonon folded before Flop (didn't bet)



PokerStars Zoom Hand #258035494491:  Hold'em No Limit (€0.01/€0.02) - 2025/10/07 19:25:42 CET [2025/10/07 13:25:42 ET]
Table 'Arneb' 6-max Seat #1 is the button
Seat 1: burgoa89 (€2.60 in chips) 
Seat 2: UltraSuperBest (€0.92 in chips) 
Seat 3: A Besta 666 (€1.55 in chips) 
Seat 4: trgonzaga33 (€0.96 in chips) 
Seat 5: pipinoelbreve9 (€2.12 in chips) 
Seat 6: navarro0712 (€3.08 in chips) 
UltraSuperBest: posts small blind €0.01
A Besta 666: posts big blind €0.02
*** HOLE CARDS ***
Dealt to pipinoelbreve9 [8c 7h]
trgonzaga33: raises €0.03 to €0.05
pipinoelbreve9: folds 
navarro0712: folds 
burgoa89: folds 
UltraSuperBest: folds 
A Besta 666: folds 
Uncalled bet (€0.03) returned to trgonzaga33
trgonzaga33 collected €0.05 from pot
trgonzaga33: doesn't show hand 
*** SUMMARY ***
Total pot €0.05 | Rake €0 
Seat 1: burgoa89 (button) folded before Flop (didn't bet)
Seat 2: UltraSuperBest (small blind) folded before Flop
Seat 3: A Besta 666 (big blind) folded before Flop
Seat 4: trgonzaga33 collected (€0.05)
Seat 5: pipinoelbreve9 folded before Flop (didn't bet)
Seat 6: navarro0712 folded before Flop (didn't bet)



PokerStars Zoom Hand #258035496039:  Hold'em No Limit (€0.01/€0.02) - 2025/10/07 19:25:49 CET [2025/10/07 13:25:49 ET]
Table 'Arneb' 6-max Seat #1 is the button
Seat 1: aritzames (€8.42 in chips) 
Seat 2: L' As 2 Pic 357 (€1.03 in chips) 
Seat 3: pipinoelbreve9 (€2.12 in chips) 
Seat 4: BestiaESP12 (€2 in chips) 
Seat 5: Blaser300mm (€2.09 in chips) 
Seat 6: gsxr313 (€1.72 in chips) 
L' As 2 Pic 357: posts small blind €0.01
pipinoelbreve9: posts big blind €0.02
*** HOLE CARDS ***
Dealt to pipinoelbreve9 [Th 9s]
BestiaESP12 has timed out
BestiaESP12: folds 
Blaser300mm: folds 
gsxr313: folds 
aritzames: folds 
L' As 2 Pic 357: folds 
Uncalled bet (€0.01) returned to pipinoelbreve9
pipinoelbreve9 collected €0.02 from pot
pipinoelbreve9: doesn't show hand 
*** SUMMARY ***
Total pot €0.02 | Rake €0 
Seat 1: aritzames (button) folded before Flop (didn't bet)
Seat 2: L' As 2 Pic 357 (small blind) folded before Flop
Seat 3: pipinoelbreve9 (big blind) collected (€0.02)
Seat 4: BestiaESP12 folded before Flop (didn't bet)
Seat 5: Blaser300mm folded before Flop (didn't bet)
Seat 6: gsxr313 folded before Flop (didn't bet)



PokerStars Zoom Hand #258035492737:  Hold'em No Limit (€0.01/€0.02) - 2025/10/07 19:25:33 CET [2025/10/07 13:25:33 ET]
Table 'Arneb' 6-max Seat #1 is the button
Seat 1: pipinoelbreve9 (€2.12 in chips) 
Seat 2: ELFJET (€1.98 in chips) 
Seat 3: aritzames (€2.03 in chips) 
Seat 4: burgoa89 (€2.61 in chips) 
Seat 5: rafesaes (€1.86 in chips) 
Seat 6: Bestiote (€1.80 in chips) 
ELFJET: posts small blind €0.01
aritzames: posts big blind €0.02
*** HOLE CARDS ***
Dealt to pipinoelbreve9 [6c Td]
burgoa89: folds 
rafesaes: folds 
Bestiote: folds 
pipinoelbreve9: folds 
ELFJET: raises €0.04 to €0.06
aritzames: calls €0.04
*** FLOP *** [7c Jc 6h]
ELFJET: bets €0.06
aritzames: calls €0.06
*** TURN *** [7c Jc 6h] [7h]
ELFJET: checks 
aritzames: bets €0.12
ELFJET: folds 
Uncalled bet (€0.12) returned to aritzames
aritzames collected €0.23 from pot
aritzames: doesn't show hand 
*** SUMMARY ***
Total pot €0.24 | Rake €0.01 
Board [7c Jc 6h 7h]
Seat 1: pipinoelbreve9 (button) folded before Flop (didn't bet)
Seat 2: ELFJET (small blind) folded on the Turn
Seat 3: aritzames (big blind) collected (€0.23)
Seat 4: burgoa89 folded before Flop (didn't bet)
Seat 5: rafesaes folded before Flop (didn't bet)
Seat 6: Bestiote folded before Flop (didn't bet)



PokerStars Zoom Hand #258035491482:  Hold'em No Limit (€0.01/€0.02) - 2025/10/07 19:25:27 CET [2025/10/07 13:25:27 ET]
Table 'Arneb' 6-max Seat #1 is the button
Seat 1: nitramonon (€2 in chips) 
Seat 2: pipinoelbreve9 (€2.13 in chips) 
Seat 3: ssjimmyss88 (€3.01 in chips) 
Seat 4: rafesaes (€8.90 in chips) 
Seat 5: vegano504 (€1.91 in chips) 
Seat 6: chiri204 (€3.39 in chips) 
pipinoelbreve9: posts small blind €0.01
ssjimmyss88: posts big blind €0.02
*** HOLE CARDS ***
Dealt to pipinoelbreve9 [5h Th]
rafesaes: folds 
vegano504: calls €0.02
chiri204: folds 
nitramonon: folds 
pipinoelbreve9: folds 
ssjimmyss88: checks 
*** FLOP *** [7d Tc 6c]
ssjimmyss88: checks 
vegano504: checks 
*** TURN *** [7d Tc 6c] [9h]
ssjimmyss88: checks 
vegano504: bets €0.04
ssjimmyss88: folds 
Uncalled bet (€0.04) returned to vegano504
vegano504 collected €0.05 from pot
vegano504: doesn't show hand 
*** SUMMARY ***
Total pot €0.05 | Rake €0 
Board [7d Tc 6c 9h]
Seat 1: nitramonon (button) folded before Flop (didn't bet)
Seat 2: pipinoelbreve9 (small blind) folded before Flop
Seat 3: ssjimmyss88 (big blind) folded on the Turn
Seat 4: rafesaes folded before Flop (didn't bet)
Seat 5: vegano504 collected (€0.05)
Seat 6: chiri204 folded before Flop (didn't bet)



PokerStars Zoom Hand #258035499544:  Hold'em No Limit (€0.01/€0.02) - 2025/10/07 19:26:06 CET [2025/10/07 13:26:06 ET]
Table 'Arneb' 6-max Seat #1 is the button
Seat 1: pipinoelbreve9 (€2.13 in chips) 
Seat 2: rafesaes (€5.44 in chips) 
Seat 3: burgoa89 (€2.33 in chips) 
Seat 4: fakir laden (€0.32 in chips) 
Seat 5: pablochamp10 (€2.17 in chips) 
Seat 6: trgonzaga33 (€0.98 in chips) 
rafesaes: posts small blind €0.01
burgoa89: posts big blind €0.02
*** HOLE CARDS ***
Dealt to pipinoelbreve9 [2c 6c]
fakir laden: folds 
pablochamp10: raises €0.04 to €0.06
trgonzaga33: folds 
pipinoelbreve9: folds 
rafesaes: folds 
burgoa89: folds 
Uncalled bet (€0.04) returned to pablochamp10
pablochamp10 collected €0.05 from pot
pablochamp10: doesn't show hand 
*** SUMMARY ***
Total pot €0.05 | Rake €0 
Seat 1: pipinoelbreve9 (button) folded before Flop (didn't bet)
Seat 2: rafesaes (small blind) folded before Flop
Seat 3: burgoa89 (big blind) folded before Flop
Seat 4: fakir laden folded before Flop (didn't bet)
Seat 5: pablochamp10 collected (€0.05)
Seat 6: trgonzaga33 folded before Flop (didn't bet)



PokerStars Zoom Hand #258035495236:  Hold'em No Limit (€0.01/€0.02) - 2025/10/07 19:25:45 CET [2025/10/07 13:25:45 ET]
Table 'Arneb' 6-max Seat #1 is the button
Seat 1: gsxr313 (€1.72 in chips) 
Seat 2: cbhvet (€2.09 in chips) 
Seat 3: navarro0712 (€3.08 in chips) 
Seat 4: pipinoelbreve9 (€2.12 in chips) 
Seat 5: SrTTSC (€3.84 in chips) 
Seat 6: pablochamp10 (€2.18 in chips) 
cbhvet: posts small blind €0.01
navarro0712: posts big blind €0.02
*** HOLE CARDS ***
Dealt to pipinoelbreve9 [5s Kd]
pipinoelbreve9: folds 
SrTTSC: folds 
pablochamp10: folds 
gsxr313: folds 
cbhvet: calls €0.01
navarro0712: checks 
*** FLOP *** [4c 7s 9c]
cbhvet: checks 
navarro0712: checks 
*** TURN *** [4c 7s 9c] [3d]
cbhvet: checks 
navarro0712: checks 
*** RIVER *** [4c 7s 9c 3d] [2h]
cbhvet: checks 
navarro0712: bets €0.04
cbhvet: folds 
Uncalled bet (€0.04) returned to navarro0712
navarro0712 collected €0.04 from pot
navarro0712: doesn't show hand 
*** SUMMARY ***
Total pot €0.04 | Rake €0 
Board [4c 7s 9c 3d 2h]
Seat 1: gsxr313 (button) folded before Flop (didn't bet)
Seat 2: cbhvet (small blind) folded on the River
Seat 3: navarro0712 (big blind) collected (€0.04)
Seat 4: pipinoelbreve9 folded before Flop (didn't bet)
Seat 5: SrTTSC folded before Flop (didn't bet)
Seat 6: pablochamp10 folded before Flop (didn't bet)



PokerStars Zoom Hand #258035501460:  Hold'em No Limit (€0.01/€0.02) - 2025/10/07 19:26:15 CET [2025/10/07 13:26:15 ET]
Table 'Arneb' 6-max Seat #1 is the button
Seat 1: rafesaes (€8.87 in chips) 
Seat 2: pipinoelbreve9 (€2.13 in chips) 
Seat 3: Siddharta33 (€1 in chips) 
Seat 4: nitramonon (€3.97 in chips) 
Seat 5: PolCuenca (€1.52 in chips) 
Seat 6: burgoa89 (€2.61 in chips) 
pipinoelbreve9: posts small blind €0.01
Siddharta33: posts big blind €0.02
*** HOLE CARDS ***
Dealt to pipinoelbreve9 [Kd 7d]
nitramonon: folds 
PolCuenca: folds 
burgoa89: folds 
rafesaes: folds 
pipinoelbreve9: raises €0.04 to €0.06
Siddharta33: raises €0.14 to €0.20
pipinoelbreve9: calls €0.14
*** FLOP *** [7c 2d 3h]
pipinoelbreve9: checks 
Siddharta33: checks 
*** TURN *** [7c 2d 3h] [8c]
pipinoelbreve9: bets €0.25
Siddharta33: folds 
Uncalled bet (€0.25) returned to pipinoelbreve9
pipinoelbreve9 collected €0.38 from pot
pipinoelbreve9: doesn't show hand 
*** SUMMARY ***
Total pot €0.40 | Rake €0.02 
Board [7c 2d 3h 8c]
Seat 1: rafesaes (button) folded before Flop (didn't bet)
Seat 2: pipinoelbreve9 (small blind) collected (€0.38)
Seat 3: Siddharta33 (big blind) folded on the Turn
Seat 4: nitramonon folded before Flop (didn't bet)
Seat 5: PolCuenca folded before Flop (didn't bet)
Seat 6: burgoa89 folded before Flop (didn't bet)



PokerStars Zoom Hand #258035513669:  Hold'em No Limit (€0.01/€0.02) - 2025/10/07 19:27:14 CET [2025/10/07 13:27:14 ET]
Table 'Arneb' 6-max Seat #1 is the button
Seat 1: Blaser300mm (€2.05 in chips) 
Seat 2: choclo736 (€2.71 in chips) 
Seat 3: juanki37 (€2.37 in chips) 
Seat 4: aritzames (€2.11 in chips) 
Seat 5: pingu_771 (€2.12 in chips) 
Seat 6: pipinoelbreve9 (€2.31 in chips) 
choclo736: posts small blind €0.01
juanki37: posts big blind €0.02
*** HOLE CARDS ***
Dealt to pipinoelbreve9 [Ks Kc]
aritzames: folds 
pingu_771: folds 
pipinoelbreve9: raises €0.04 to €0.06
Blaser300mm: folds 
choclo736: calls €0.05
juanki37: folds 
*** FLOP *** [2h 9s 5d]
choclo736: checks 
pipinoelbreve9: bets €0.04
choclo736: calls €0.04
*** TURN *** [2h 9s 5d] [6c]
choclo736: checks 
pipinoelbreve9: bets €0.16
choclo736: calls €0.16
*** RIVER *** [2h 9s 5d 6c] [7c]
choclo736: checks 
pipinoelbreve9: checks 
*** SHOW DOWN ***
choclo736: shows [Js 9h] (a pair of Nines)
pipinoelbreve9: shows [Ks Kc] (a pair of Kings)
pipinoelbreve9 collected €0.51 from pot
*** SUMMARY ***
Total pot €0.54 | Rake €0.03 
Board [2h 9s 5d 6c 7c]
Seat 1: Blaser300mm (button) folded before Flop (didn't bet)
Seat 2: choclo736 (small blind) showed [Js 9h] and lost with a pair of Nines
Seat 3: juanki37 (big blind) folded before Flop
Seat 4: aritzames folded before Flop (didn't bet)
Seat 5: pingu_771 folded before Flop (didn't bet)
Seat 6: pipinoelbreve9 showed [Ks Kc] and won (€0.51) with a pair of Kings



PokerStars Zoom Hand #258035529227:  Hold'em No Limit (€0.01/€0.02) - 2025/10/07 19:28:30 CET [2025/10/07 13:28:30 ET]
Table 'Arneb' 6-max Seat #1 is the button
Seat 1: pipinoelbreve9 (€2.56 in chips) 
Seat 2: SrTTSC (€5.18 in chips) 
Seat 3: choclo736 (€2.45 in chips) 
Seat 4: JoanPons96 (€3.17 in chips) 
Seat 5: RMOT100A (€1.60 in chips) 
Seat 6: MaxiMick (€2.17 in chips) 
SrTTSC: posts small blind €0.01
choclo736: posts big blind €0.02
*** HOLE CARDS ***
Dealt to pipinoelbreve9 [Qh Ac]
JoanPons96: raises €0.04 to €0.06
RMOT100A: calls €0.06
MaxiMick: calls €0.06
pipinoelbreve9: raises €0.24 to €0.30
SrTTSC: folds 
choclo736: folds 
JoanPons96: folds 
RMOT100A: calls €0.24
MaxiMick: calls €0.24
*** FLOP *** [9s Ad 2s]
RMOT100A: checks 
MaxiMick: checks 
pipinoelbreve9: bets €0.47
RMOT100A: folds 
MaxiMick: calls €0.47
*** TURN *** [9s Ad 2s] [3s]
MaxiMick: checks 
pipinoelbreve9: checks 
*** RIVER *** [9s Ad 2s 3s] [4d]
MaxiMick: bets €0.51
pipinoelbreve9: calls €0.51
*** SHOW DOWN ***
MaxiMick: shows [Qd As] (a pair of Aces)
pipinoelbreve9: shows [Qh Ac] (a pair of Aces)
MaxiMick collected €1.40 from pot
pipinoelbreve9 collected €1.40 from pot
*** SUMMARY ***
Total pot €2.95 | Rake €0.15 
Board [9s Ad 2s 3s 4d]
Seat 1: pipinoelbreve9 (button) showed [Qh Ac] and won (€1.40) with a pair of Aces
Seat 2: SrTTSC (small blind) folded before Flop
Seat 3: choclo736 (big blind) folded before Flop
Seat 4: JoanPons96 folded before Flop
Seat 5: RMOT100A folded on the Flop
Seat 6: MaxiMick showed [Qd As] and won (€1.40) with a pair of Aces



PokerStars Zoom Hand #258035554074:  Hold'em No Limit (€0.01/€0.02) - 2025/10/07 19:30:28 CET [2025/10/07 13:30:28 ET]
Table 'Arneb' 6-max Seat #1 is the button
Seat 1: pzjohn (€3.86 in chips) 
Seat 2: Errvicioso (€1.98 in chips) 
Seat 3: pipinoelbreve9 (€2.68 in chips) 
Seat 4: maitreyoda59 (€1.90 in chips) 
Seat 5: mcwilo (€2.51 in chips) 
Seat 6: moricezedonk (€1.96 in chips) 
Errvicioso: posts small blind €0.01
pipinoelbreve9: posts big blind €0.02
*** HOLE CARDS ***
Dealt to pipinoelbreve9 [Jh 3s]
maitreyoda59: folds 
mcwilo: folds 
moricezedonk: folds 
pzjohn: calls €0.02
Errvicioso: raises €0.06 to €0.08
pipinoelbreve9: folds 
pzjohn: calls €0.06
*** FLOP *** [3c 9s 5h]
Errvicioso: bets €0.05
pzjohn: folds 
Uncalled bet (€0.05) returned to Errvicioso
Errvicioso collected €0.17 from pot
Errvicioso: doesn't show hand 
*** SUMMARY ***
Total pot €0.18 | Rake €0.01 
Board [3c 9s 5h]
Seat 1: pzjohn (button) folded on the Flop
Seat 2: Errvicioso (small blind) collected (€0.17)
Seat 3: pipinoelbreve9 (big blind) folded before Flop
Seat 4: maitreyoda59 folded before Flop (didn't bet)
Seat 5: mcwilo folded before Flop (didn't bet)
Seat 6: moricezedonk folded before Flop (didn't bet)



PokerStars Zoom Hand #258035552150:  Hold'em No Limit (€0.01/€0.02) - 2025/10/07 19:30:19 CET [2025/10/07 13:30:19 ET]
Table 'Arneb' 6-max Seat #1 is the button
Seat 1: rodmatos (€2.14 in chips) 
Seat 2: TATAMUSSA (€1.09 in chips) 
Seat 3: RMOT100A (€1.65 in chips) 
Seat 4: MaxiMick (€2.29 in chips) 
Seat 5: pipinoelbreve9 (€2.68 in chips) 
Seat 6: rafesaes (€8.68 in chips) 
TATAMUSSA: posts small blind €0.01
RMOT100A: posts big blind €0.02
*** HOLE CARDS ***
Dealt to pipinoelbreve9 [Qc 8c]
MaxiMick: folds 
pipinoelbreve9: folds 
rafesaes: folds 
rodmatos: raises €0.03 to €0.05
TATAMUSSA: folds 
RMOT100A: calls €0.03
*** FLOP *** [Ts Qs Td]
RMOT100A: checks 
rodmatos: checks 
*** TURN *** [Ts Qs Td] [3d]
RMOT100A: checks 
rodmatos: bets €0.08
RMOT100A: folds 
Uncalled bet (€0.08) returned to rodmatos
rodmatos collected €0.10 from pot
rodmatos: doesn't show hand 
*** SUMMARY ***
Total pot €0.11 | Rake €0.01 
Board [Ts Qs Td 3d]
Seat 1: rodmatos (button) collected (€0.10)
Seat 2: TATAMUSSA (small blind) folded before Flop
Seat 3: RMOT100A (big blind) folded on the Turn
Seat 4: MaxiMick folded before Flop (didn't bet)
Seat 5: pipinoelbreve9 folded before Flop (didn't bet)
Seat 6: rafesaes folded before Flop (didn't bet)



PokerStars Zoom Hand #258035555923:  Hold'em No Limit (€0.01/€0.02) - 2025/10/07 19:30:37 CET [2025/10/07 13:30:37 ET]
Table 'Arneb' 6-max Seat #1 is the button
Seat 1: pzjohn (€1.88 in chips) 
Seat 2: DIOGO10238 (€0.94 in chips) 
Seat 3: MoreSoda (€3.84 in chips) 
Seat 4: JhonGualberto (€1.27 in chips) 
Seat 5: moricezedonk (€1.95 in chips) 
Seat 6: pipinoelbreve9 (€2.66 in chips) 
DIOGO10238: posts small blind €0.01
MoreSoda: posts big blind €0.02
*** HOLE CARDS ***
Dealt to pipinoelbreve9 [8d 7s]
JhonGualberto: folds 
moricezedonk: folds 
pipinoelbreve9: folds 
pzjohn: calls €0.02
DIOGO10238: calls €0.01
MoreSoda: checks 
*** FLOP *** [2s 3h 5h]
DIOGO10238: bets €0.06
MoreSoda: folds 
pzjohn: folds 
Uncalled bet (€0.06) returned to DIOGO10238
DIOGO10238 collected €0.06 from pot
DIOGO10238: doesn't show hand 
*** SUMMARY ***
Total pot €0.06 | Rake €0 
Board [2s 3h 5h]
Seat 1: pzjohn (button) folded on the Flop
Seat 2: DIOGO10238 (small blind) collected (€0.06)
Seat 3: MoreSoda (big blind) folded on the Flop
Seat 4: JhonGualberto folded before Flop (didn't bet)
Seat 5: moricezedonk folded before Flop (didn't bet)
Seat 6: pipinoelbreve9 folded before Flop (didn't bet)



PokerStars Zoom Hand #258035559475:  Hold'em No Limit (€0.01/€0.02) - 2025/10/07 19:30:53 CET [2025/10/07 13:30:53 ET]
Table 'Arneb' 6-max Seat #1 is the button
Seat 1: pipinoelbreve9 (€2.65 in chips) 
Seat 2: Siddharta33 (€1.06 in chips) 
Seat 3: Mai SA135 (€1.60 in chips) 
Seat 4: NeverGiveupzzz (€1.94 in chips) 
Seat 5: A Besta 666 (€1.91 in chips) 
Seat 6: raull-in_84 (€1.50 in chips) 
Siddharta33: posts small blind €0.01
Mai SA135: posts big blind €0.02
*** HOLE CARDS ***
Dealt to pipinoelbreve9 [9c Js]
NeverGiveupzzz: raises €0.04 to €0.06
A Besta 666: folds 
raull-in_84: calls €0.06
pipinoelbreve9: folds 
Siddharta33: folds 
Mai SA135: folds 
*** FLOP *** [Td 7h Kd]
NeverGiveupzzz: checks 
raull-in_84: checks 
*** TURN *** [Td 7h Kd] [8d]
NeverGiveupzzz: checks 
raull-in_84: bets €0.02
NeverGiveupzzz: folds 
Uncalled bet (€0.02) returned to raull-in_84
raull-in_84 collected €0.14 from pot
raull-in_84: doesn't show hand 
*** SUMMARY ***
Total pot €0.15 | Rake €0.01 
Board [Td 7h Kd 8d]
Seat 1: pipinoelbreve9 (button) folded before Flop (didn't bet)
Seat 2: Siddharta33 (small blind) folded before Flop
Seat 3: Mai SA135 (big blind) folded before Flop
Seat 4: NeverGiveupzzz folded on the Turn
Seat 5: A Besta 666 folded before Flop (didn't bet)
Seat 6: raull-in_84 collected (€0.14)



PokerStars Zoom Hand #258035556807:  Hold'em No Limit (€0.01/€0.02) - 2025/10/07 19:30:41 CET [2025/10/07 13:30:41 ET]
Table 'Arneb' 6-max Seat #1 is the button
Seat 1: moricezedonk (€2.42 in chips) 
Seat 2: pipinoelbreve9 (€2.66 in chips) 
Seat 3: ELFJET (€2.47 in chips) 
Seat 4: burgoa89 (€2.61 in chips) 
Seat 5: vicen7010 (€0.08 in chips) 
Seat 6: vegano504 (€1.92 in chips) 
pipinoelbreve9: posts small blind €0.01
ELFJET: posts big blind €0.02
*** HOLE CARDS ***
Dealt to pipinoelbreve9 [3c 8s]
burgoa89: folds 
vicen7010 is disconnected 
vicen7010 has timed out while disconnected
vicen7010: folds 
vegano504: raises €0.02 to €0.04
moricezedonk: folds 
pipinoelbreve9: folds 
ELFJET: calls €0.02
*** FLOP *** [Th 5h 9h]
ELFJET: checks 
vegano504: bets €0.07
ELFJET: folds 
Uncalled bet (€0.07) returned to vegano504
vegano504 collected €0.09 from pot
vegano504: doesn't show hand 
*** SUMMARY ***
Total pot €0.09 | Rake €0 
Board [Th 5h 9h]
Seat 1: moricezedonk (button) folded before Flop (didn't bet)
Seat 2: pipinoelbreve9 (small blind) folded before Flop
Seat 3: ELFJET (big blind) folded on the Flop
Seat 4: burgoa89 folded before Flop (didn't bet)
Seat 5: vicen7010 folded before Flop (didn't bet)
Seat 6: vegano504 collected (€0.09)



PokerStars Zoom Hand #258035558439:  Hold'em No Limit (€0.01/€0.02) - 2025/10/07 19:30:49 CET [2025/10/07 13:30:49 ET]
Table 'Arneb' 6-max Seat #1 is the button
Seat 1: JhonGualberto (€1.27 in chips) 
Seat 2: ñlkjh33 (€1.94 in chips) 
Seat 3: pablochamp10 (€1.85 in chips) 
Seat 4: pipinoelbreve9 (€2.65 in chips) 
Seat 5: Siddharta33 (€1.08 in chips) 
Seat 6: Dante69s (€0.95 in chips) 
ñlkjh33: posts small blind €0.01
pablochamp10: posts big blind €0.02
*** HOLE CARDS ***
Dealt to pipinoelbreve9 [8c Kh]
pipinoelbreve9: folds 
Siddharta33: folds 
Dante69s: raises €0.05 to €0.07
JhonGualberto: calls €0.07
ñlkjh33: folds 
pablochamp10: folds 
*** FLOP *** [Kc Ac 4c]
Dante69s: bets €0.09
JhonGualberto: calls €0.09
*** TURN *** [Kc Ac 4c] [7h]
Dante69s: bets €0.79 and is all-in
JhonGualberto: folds 
Uncalled bet (€0.79) returned to Dante69s
Dante69s collected €0.33 from pot
Dante69s: doesn't show hand 
*** SUMMARY ***
Total pot €0.35 | Rake €0.02 
Board [Kc Ac 4c 7h]
Seat 1: JhonGualberto (button) folded on the Turn
Seat 2: ñlkjh33 (small blind) folded before Flop
Seat 3: pablochamp10 (big blind) folded before Flop
Seat 4: pipinoelbreve9 folded before Flop (didn't bet)
Seat 5: Siddharta33 folded before Flop (didn't bet)
Seat 6: Dante69s collected (€0.33)



PokerStars Zoom Hand #258035563793:  Hold'em No Limit (€0.01/€0.02) - 2025/10/07 19:31:13 CET [2025/10/07 13:31:13 ET]
Table 'Arneb' 6-max Seat #1 is the button
Seat 1: aritzames (€9.34 in chips) 
Seat 2: MaxiMick (€2.40 in chips) 
Seat 3: pzjohn (€3.77 in chips) 
Seat 4: vaviprisou (€6.75 in chips) 
Seat 5: pipinoelbreve9 (€2.65 in chips) 
Seat 6: ñlkjh33 (€2.69 in chips) 
MaxiMick: posts small blind €0.01
pzjohn: posts big blind €0.02
*** HOLE CARDS ***
Dealt to pipinoelbreve9 [2s 6c]
vaviprisou: folds 
pipinoelbreve9: folds 
ñlkjh33: raises €0.02 to €0.04
aritzames: folds 
MaxiMick: folds 
pzjohn: calls €0.02
*** FLOP *** [3c Ts Qs]
pzjohn: checks 
ñlkjh33: bets €0.04
pzjohn: folds 
Uncalled bet (€0.04) returned to ñlkjh33
ñlkjh33 collected €0.09 from pot
ñlkjh33: doesn't show hand 
*** SUMMARY ***
Total pot €0.09 | Rake €0 
Board [3c Ts Qs]
Seat 1: aritzames (button) folded before Flop (didn't bet)
Seat 2: MaxiMick (small blind) folded before Flop
Seat 3: pzjohn (big blind) folded on the Flop
Seat 4: vaviprisou folded before Flop (didn't bet)
Seat 5: pipinoelbreve9 folded before Flop (didn't bet)
Seat 6: ñlkjh33 collected (€0.09)



PokerStars Zoom Hand #258035553220:  Hold'em No Limit (€0.01/€0.02) - 2025/10/07 19:30:24 CET [2025/10/07 13:30:24 ET]
Table 'Arneb' 6-max Seat #1 is the button
Seat 1: 80huracan (€2.23 in chips) 
Seat 2: gsxr313 (€2.54 in chips) 
Seat 3: Siddharta33 (€1.08 in chips) 
Seat 4: navarro0712 (€3.20 in chips) 
Seat 5: pipinoelbreve9 (€2.68 in chips) 
Seat 6: euse383 (€2.37 in chips) 
gsxr313: posts small blind €0.01
Siddharta33: posts big blind €0.02
*** HOLE CARDS ***
Dealt to pipinoelbreve9 [Qc 8s]
navarro0712: folds 
pipinoelbreve9: folds 
euse383: folds 
80huracan: raises €0.04 to €0.06
gsxr313: raises €0.12 to €0.18
Siddharta33: folds 
80huracan: calls €0.12
*** FLOP *** [8d 2c Jc]
gsxr313: checks 
80huracan: checks 
*** TURN *** [8d 2c Jc] [3c]
gsxr313: checks 
80huracan: checks 
*** RIVER *** [8d 2c Jc 3c] [As]
gsxr313: checks 
80huracan: checks 
*** SHOW DOWN ***
gsxr313: shows [Ah Kd] (a pair of Aces)
80huracan: mucks hand 
gsxr313 collected €0.36 from pot
*** SUMMARY ***
Total pot €0.38 | Rake €0.02 
Board [8d 2c Jc 3c As]
Seat 1: 80huracan (button) mucked [5s 5d]
Seat 2: gsxr313 (small blind) showed [Ah Kd] and won (€0.36) with a pair of Aces
Seat 3: Siddharta33 (big blind) folded before Flop
Seat 4: navarro0712 folded before Flop (didn't bet)
Seat 5: pipinoelbreve9 folded before Flop (didn't bet)
Seat 6: euse383 folded before Flop (didn't bet)



PokerStars Zoom Hand #258035564620:  Hold'em No Limit (€0.01/€0.02) - 2025/10/07 19:31:17 CET [2025/10/07 13:31:17 ET]
Table 'Arneb' 6-max Seat #1 is the button
Seat 1: euse383 (€2.28 in chips) 
Seat 2: pipinoelbreve9 (€2.65 in chips) 
Seat 3: UltraSuperBest (€1 in chips) 
Seat 4: aritzames (€9.34 in chips) 
Seat 5: TATAMUSSA (€1.11 in chips) 
Seat 6: moricezedonk (€1.93 in chips) 
pipinoelbreve9: posts small blind €0.01
UltraSuperBest: posts big blind €0.02
*** HOLE CARDS ***
Dealt to pipinoelbreve9 [5d 5c]
aritzames: folds 
TATAMUSSA: calls €0.02
moricezedonk: folds 
euse383: folds 
pipinoelbreve9: raises €0.08 to €0.10
UltraSuperBest: folds 
TATAMUSSA: calls €0.08
*** FLOP *** [4d 3c 6d]
pipinoelbreve9: bets €0.14
TATAMUSSA: raises €0.49 to €0.63
pipinoelbreve9: calls €0.49
*** TURN *** [4d 3c 6d] [4h]
pipinoelbreve9: checks 
TATAMUSSA: bets €0.38 and is all-in
pipinoelbreve9: calls €0.38
*** RIVER *** [4d 3c 6d 4h] [9c]
*** SHOW DOWN ***
pipinoelbreve9: shows [5d 5c] (two pair, Fives and Fours)
TATAMUSSA: shows [Qh As] (a pair of Fours)
pipinoelbreve9 collected €2.13 from pot
*** SUMMARY ***
Total pot €2.24 | Rake €0.11 
Board [4d 3c 6d 4h 9c]
Seat 1: euse383 (button) folded before Flop (didn't bet)
Seat 2: pipinoelbreve9 (small blind) showed [5d 5c] and won (€2.13) with two pair, Fives and Fours
Seat 3: UltraSuperBest (big blind) folded before Flop
Seat 4: aritzames folded before Flop (didn't bet)
Seat 5: TATAMUSSA showed [Qh As] and lost with a pair of Fours
Seat 6: moricezedonk folded before Flop (didn't bet)



PokerStars Zoom Hand #258035574114:  Hold'em No Limit (€0.01/€0.02) - 2025/10/07 19:32:01 CET [2025/10/07 13:32:01 ET]
Table 'Arneb' 6-max Seat #1 is the button
Seat 1: Bestiote (€1.57 in chips) 
Seat 2: tonid00kie (€1.98 in chips) 
Seat 3: pipinoelbreve9 (€3.67 in chips) 
Seat 4: ELBatatoxx (€2 in chips) 
Seat 5: PolCuenca (€1.87 in chips) 
Seat 6: RMOT100A (€2.22 in chips) 
tonid00kie: posts small blind €0.01
pipinoelbreve9: posts big blind €0.02
*** HOLE CARDS ***
Dealt to pipinoelbreve9 [7s 8c]
ELBatatoxx: folds 
PolCuenca: folds 
RMOT100A: calls €0.02
Bestiote: folds 
tonid00kie: folds 
pipinoelbreve9: checks 
*** FLOP *** [8s Js 3c]
pipinoelbreve9: checks 
RMOT100A: bets €0.02
pipinoelbreve9: calls €0.02
*** TURN *** [8s Js 3c] [4h]
pipinoelbreve9: checks 
RMOT100A: checks 
*** RIVER *** [8s Js 3c 4h] [7c]
pipinoelbreve9: bets €0.08
RMOT100A: folds 
Uncalled bet (€0.08) returned to pipinoelbreve9
pipinoelbreve9 collected €0.09 from pot
pipinoelbreve9: doesn't show hand 
*** SUMMARY ***
Total pot €0.09 | Rake €0 
Board [8s Js 3c 4h 7c]
Seat 1: Bestiote (button) folded before Flop (didn't bet)
Seat 2: tonid00kie (small blind) folded before Flop
Seat 3: pipinoelbreve9 (big blind) collected (€0.09)
Seat 4: ELBatatoxx folded before Flop (didn't bet)
Seat 5: PolCuenca folded before Flop (didn't bet)
Seat 6: RMOT100A folded on the River



PokerStars Zoom Hand #258035581904:  Hold'em No Limit (€0.01/€0.02) - 2025/10/07 19:32:38 CET [2025/10/07 13:32:38 ET]
Table 'Arneb' 6-max Seat #1 is the button
Seat 1: DarthRose (€2 in chips) 
Seat 2: rafesaes (€3.03 in chips) 
Seat 3: trgonzaga33 (€0.89 in chips) 
Seat 4: PolCuenca (€2.48 in chips) 
Seat 5: x Txipi x (€2.53 in chips) 
Seat 6: pipinoelbreve9 (€3.72 in chips) 
rafesaes: posts small blind €0.01
trgonzaga33: posts big blind €0.02
*** HOLE CARDS ***
Dealt to pipinoelbreve9 [8s 7c]
PolCuenca: folds 
x Txipi x: raises €0.04 to €0.06
pipinoelbreve9: folds 
DarthRose: folds 
rafesaes: folds 
trgonzaga33: folds 
Uncalled bet (€0.04) returned to x Txipi x
x Txipi x collected €0.05 from pot
x Txipi x: doesn't show hand 
*** SUMMARY ***
Total pot €0.05 | Rake €0 
Seat 1: DarthRose (button) folded before Flop (didn't bet)
Seat 2: rafesaes (small blind) folded before Flop
Seat 3: trgonzaga33 (big blind) folded before Flop
Seat 4: PolCuenca folded before Flop (didn't bet)
Seat 5: x Txipi x collected (€0.05)
Seat 6: pipinoelbreve9 folded before Flop (didn't bet)



PokerStars Zoom Hand #258035583628:  Hold'em No Limit (€0.01/€0.02) - 2025/10/07 19:32:45 CET [2025/10/07 13:32:45 ET]
Table 'Arneb' 6-max Seat #1 is the button
Seat 1: nitramonon (€2.09 in chips) 
Seat 2: RMOT100A (€1.76 in chips) 
Seat 3: Siddharta33 (€1.01 in chips) 
Seat 4: pipinoelbreve9 (€3.72 in chips) 
Seat 5: rafesaes (€8.68 in chips) 
Seat 6: A Besta 666 (€1.88 in chips) 
RMOT100A: posts small blind €0.01
Siddharta33: posts big blind €0.02
*** HOLE CARDS ***
Dealt to pipinoelbreve9 [Ks 5c]
pipinoelbreve9 has timed out
pipinoelbreve9: folds 
rafesaes: folds 
A Besta 666: folds 
nitramonon: folds 
RMOT100A: folds 
Uncalled bet (€0.01) returned to Siddharta33
Siddharta33 collected €0.02 from pot
Siddharta33: doesn't show hand 
*** SUMMARY ***
Total pot €0.02 | Rake €0 
Seat 1: nitramonon (button) folded before Flop (didn't bet)
Seat 2: RMOT100A (small blind) folded before Flop
Seat 3: Siddharta33 (big blind) collected (€0.02)
Seat 4: pipinoelbreve9 folded before Flop (didn't bet)
Seat 5: rafesaes folded before Flop (didn't bet)
Seat 6: A Besta 666 folded before Flop (didn't bet)



PokerStars Zoom Hand #258035586879:  Hold'em No Limit (€0.01/€0.02) - 2025/10/07 19:33:01 CET [2025/10/07 13:33:01 ET]
Table 'Arneb' 6-max Seat #1 is the button
Seat 1: pipinoelbreve9 (€3.72 in chips) 
Seat 2: more457 (€0.96 in chips) 
Seat 3: rafesaes (€2.64 in chips) 
Seat 4: Errvicioso (€2.04 in chips) 
Seat 5: nitramonon (€3.94 in chips) 
Seat 6: DarthRose (€2 in chips) 
more457: posts small blind €0.01
rafesaes: posts big blind €0.02
*** HOLE CARDS ***
Dealt to pipinoelbreve9 [4s Ts]
Errvicioso: folds 
nitramonon: folds 
DarthRose: folds 
pipinoelbreve9: folds 
more457: folds 
Uncalled bet (€0.01) returned to rafesaes
rafesaes collected €0.02 from pot
rafesaes: doesn't show hand 
*** SUMMARY ***
Total pot €0.02 | Rake €0 
Seat 1: pipinoelbreve9 (button) folded before Flop (didn't bet)
Seat 2: more457 (small blind) folded before Flop
Seat 3: rafesaes (big blind) collected (€0.02)
Seat 4: Errvicioso folded before Flop (didn't bet)
Seat 5: nitramonon folded before Flop (didn't bet)
Seat 6: DarthRose folded before Flop (didn't bet)



PokerStars Zoom Hand #258035587764:  Hold'em No Limit (€0.01/€0.02) - 2025/10/07 19:33:05 CET [2025/10/07 13:33:05 ET]
Table 'Arneb' 6-max Seat #1 is the button
Seat 1: A Besta 666 (€1.91 in chips) 
Seat 2: aritzames (€5.74 in chips) 
Seat 3: pipinoelbreve9 (€3.72 in chips) 
Seat 4: ELBatatoxx (€2 in chips) 
Seat 5: DarthRose (€2 in chips) 
Seat 6: pingu_771 (€2.75 in chips) 
aritzames: posts small blind €0.01
pipinoelbreve9: posts big blind €0.02
*** HOLE CARDS ***
Dealt to pipinoelbreve9 [8h 8s]
ELBatatoxx: folds 
DarthRose: folds 
pingu_771: folds 
A Besta 666: folds 
aritzames: raises €0.03 to €0.05
pipinoelbreve9: raises €0.15 to €0.20
aritzames: folds 
Uncalled bet (€0.15) returned to pipinoelbreve9
pipinoelbreve9 collected €0.10 from pot
pipinoelbreve9: doesn't show hand 
*** SUMMARY ***
Total pot €0.10 | Rake €0 
Seat 1: A Besta 666 (button) folded before Flop (didn't bet)
Seat 2: aritzames (small blind) folded before Flop
Seat 3: pipinoelbreve9 (big blind) collected (€0.10)
Seat 4: ELBatatoxx folded before Flop (didn't bet)
Seat 5: DarthRose folded before Flop (didn't bet)
Seat 6: pingu_771 folded before Flop (didn't bet)



PokerStars Zoom Hand #258035592948:  Hold'em No Limit (€0.01/€0.02) - 2025/10/07 19:33:29 CET [2025/10/07 13:33:29 ET]
Table 'Arneb' 6-max Seat #1 is the button
Seat 1: RMOT100A (€1.73 in chips) 
Seat 2: Siddharta33 (€1.11 in chips) 
Seat 3: moricezedonk (€1.88 in chips) 
Seat 4: aritzames (€5.69 in chips) 
Seat 5: pipinoelbreve9 (€3.77 in chips) 
Seat 6: ELFJET (€2.11 in chips) 
Siddharta33: posts small blind €0.01
moricezedonk: posts big blind €0.02
*** HOLE CARDS ***
Dealt to pipinoelbreve9 [As 6c]
aritzames: folds 
pipinoelbreve9: folds 
ELFJET: folds 
RMOT100A: folds 
Siddharta33: raises €0.03 to €0.05
moricezedonk: folds 
Uncalled bet (€0.03) returned to Siddharta33
Siddharta33 collected €0.04 from pot
Siddharta33: doesn't show hand 
*** SUMMARY ***
Total pot €0.04 | Rake €0 
Seat 1: RMOT100A (button) folded before Flop (didn't bet)
Seat 2: Siddharta33 (small blind) collected (€0.04)
Seat 3: moricezedonk (big blind) folded before Flop
Seat 4: aritzames folded before Flop (didn't bet)
Seat 5: pipinoelbreve9 folded before Flop (didn't bet)
Seat 6: ELFJET folded before Flop (didn't bet)



PokerStars Zoom Hand #258035594177:  Hold'em No Limit (€0.01/€0.02) - 2025/10/07 19:33:35 CET [2025/10/07 13:33:35 ET]
Table 'Arneb' 6-max Seat #1 is the button
Seat 1: pingu_771 (€2.03 in chips) 
Seat 2: pipinoelbreve9 (€3.77 in chips) 
Seat 3: 80huracan (€2.23 in chips) 
Seat 4: Mai SA135 (€1.48 in chips) 
Seat 5: kastlemoney (€2 in chips) 
Seat 6: mcwilo (€2.23 in chips) 
pipinoelbreve9: posts small blind €0.01
80huracan: posts big blind €0.02
*** HOLE CARDS ***
Dealt to pipinoelbreve9 [2d 8h]
Mai SA135: raises €0.04 to €0.06
kastlemoney: folds 
mcwilo: folds 
pingu_771: folds 
pipinoelbreve9: folds 
80huracan: folds 
Uncalled bet (€0.04) returned to Mai SA135
Mai SA135 collected €0.05 from pot
Mai SA135: doesn't show hand 
*** SUMMARY ***
Total pot €0.05 | Rake €0 
Seat 1: pingu_771 (button) folded before Flop (didn't bet)
Seat 2: pipinoelbreve9 (small blind) folded before Flop
Seat 3: 80huracan (big blind) folded before Flop
Seat 4: Mai SA135 collected (€0.05)
Seat 5: kastlemoney folded before Flop (didn't bet)
Seat 6: mcwilo folded before Flop (didn't bet)



PokerStars Zoom Hand #258035595905:  Hold'em No Limit (€0.01/€0.02) - 2025/10/07 19:33:43 CET [2025/10/07 13:33:43 ET]
Table 'Arneb' 6-max Seat #1 is the button
Seat 1: rafesaes (€2.70 in chips) 
Seat 2: ELBatatoxx (€2.01 in chips) 
Seat 3: pipinoelbreve9 (€3.76 in chips) 
Seat 4: hourglasses (€2.01 in chips) 
Seat 5: moricezedonk (€1.98 in chips) 
Seat 6: vegano504 (€1.98 in chips) 
ELBatatoxx: posts small blind €0.01
pipinoelbreve9: posts big blind €0.02
*** HOLE CARDS ***
Dealt to pipinoelbreve9 [3s 9h]
hourglasses: folds 
moricezedonk: folds 
vegano504: folds 
rafesaes: folds 
ELBatatoxx: folds 
Uncalled bet (€0.01) returned to pipinoelbreve9
pipinoelbreve9 collected €0.02 from pot
pipinoelbreve9: doesn't show hand 
*** SUMMARY ***
Total pot €0.02 | Rake €0 
Seat 1: rafesaes (button) folded before Flop (didn't bet)
Seat 2: ELBatatoxx (small blind) folded before Flop
Seat 3: pipinoelbreve9 (big blind) collected (€0.02)
Seat 4: hourglasses folded before Flop (didn't bet)
Seat 5: moricezedonk folded before Flop (didn't bet)
Seat 6: vegano504 folded before Flop (didn't bet)



PokerStars Zoom Hand #258035598943:  Hold'em No Limit (€0.01/€0.02) - 2025/10/07 19:33:57 CET [2025/10/07 13:33:57 ET]
Table 'Arneb' 6-max Seat #1 is the button
Seat 1: vicen7010 (€0.62 in chips) 
Seat 2: DarthRose (€2 in chips) 
Seat 3: hourglasses (€2.41 in chips) 
Seat 4: boboy111 (€2.03 in chips) 
Seat 5: moricezedonk (€1.97 in chips) 
Seat 6: pipinoelbreve9 (€3.77 in chips) 
DarthRose: posts small blind €0.01
hourglasses: posts big blind €0.02
*** HOLE CARDS ***
Dealt to pipinoelbreve9 [5s Qd]
boboy111: folds 
moricezedonk: folds 
pipinoelbreve9: folds 
vicen7010: folds 
DarthRose: folds 
Uncalled bet (€0.01) returned to hourglasses
hourglasses collected €0.02 from pot
hourglasses: doesn't show hand 
*** SUMMARY ***
Total pot €0.02 | Rake €0 
Seat 1: vicen7010 (button) folded before Flop (didn't bet)
Seat 2: DarthRose (small blind) folded before Flop
Seat 3: hourglasses (big blind) collected (€0.02)
Seat 4: boboy111 folded before Flop (didn't bet)
Seat 5: moricezedonk folded before Flop (didn't bet)
Seat 6: pipinoelbreve9 folded before Flop (didn't bet)



PokerStars Zoom Hand #258035595073:  Hold'em No Limit (€0.01/€0.02) - 2025/10/07 19:33:39 CET [2025/10/07 13:33:39 ET]
Table 'Arneb' 6-max Seat #1 is the button
Seat 1: A Besta 666 (€1.57 in chips) 
Seat 2: Errvicioso (€2.13 in chips) 
Seat 3: aritzames (€5.69 in chips) 
Seat 4: pipinoelbreve9 (€3.76 in chips) 
Seat 5: smrj1976 (€4.06 in chips) 
Seat 6: kastlemoney (€2 in chips) 
Errvicioso: posts small blind €0.01
aritzames: posts big blind €0.02
*** HOLE CARDS ***
Dealt to pipinoelbreve9 [3h Qh]
pipinoelbreve9: folds 
smrj1976: raises €0.02 to €0.04
kastlemoney: folds 
A Besta 666: folds 
Errvicioso: calls €0.03
aritzames: folds 
*** FLOP *** [Ah 5h 7h]
Errvicioso: checks 
smrj1976: checks 
*** TURN *** [Ah 5h 7h] [Jh]
Errvicioso: checks 
smrj1976: checks 
*** RIVER *** [Ah 5h 7h Jh] [8d]
Errvicioso: bets €0.05
smrj1976: folds 
Uncalled bet (€0.05) returned to Errvicioso
Errvicioso collected €0.10 from pot
Errvicioso: doesn't show hand 
*** SUMMARY ***
Total pot €0.10 | Rake €0 
Board [Ah 5h 7h Jh 8d]
Seat 1: A Besta 666 (button) folded before Flop (didn't bet)
Seat 2: Errvicioso (small blind) collected (€0.10)
Seat 3: aritzames (big blind) folded before Flop
Seat 4: pipinoelbreve9 folded before Flop (didn't bet)
Seat 5: smrj1976 folded on the River
Seat 6: kastlemoney folded before Flop (didn't bet)



PokerStars Zoom Hand #258035602734:  Hold'em No Limit (€0.01/€0.02) - 2025/10/07 19:34:15 CET [2025/10/07 13:34:15 ET]
Table 'Arneb' 6-max Seat #1 is the button
Seat 1: moricezedonk (€1.97 in chips) 
Seat 2: pipinoelbreve9 (€3.77 in chips) 
Seat 3: vegano504 (€1.98 in chips) 
Seat 4: JoanPons96 (€3.01 in chips) 
Seat 5: MoreSoda (€3.85 in chips) 
Seat 6: hourglasses (€2.01 in chips) 
pipinoelbreve9: posts small blind €0.01
vegano504: posts big blind €0.02
*** HOLE CARDS ***
Dealt to pipinoelbreve9 [Qc 4d]
JoanPons96: folds 
MoreSoda: folds 
hourglasses: folds 
moricezedonk: folds 
pipinoelbreve9: folds 
Uncalled bet (€0.01) returned to vegano504
vegano504 collected €0.02 from pot
vegano504: doesn't show hand 
*** SUMMARY ***
Total pot €0.02 | Rake €0 
Seat 1: moricezedonk (button) folded before Flop (didn't bet)
Seat 2: pipinoelbreve9 (small blind) folded before Flop
Seat 3: vegano504 (big blind) collected (€0.02)
Seat 4: JoanPons96 folded before Flop (didn't bet)
Seat 5: MoreSoda folded before Flop (didn't bet)
Seat 6: hourglasses folded before Flop (didn't bet)



PokerStars Zoom Hand #258035599682:  Hold'em No Limit (€0.01/€0.02) - 2025/10/07 19:34:00 CET [2025/10/07 13:34:00 ET]
Table 'Arneb' 6-max Seat #1 is the button
Seat 1: pipinoelbreve9 (€3.77 in chips) 
Seat 2: NeverGiveupzzz (€2.02 in chips) 
Seat 3: RMOT100A (€1.71 in chips) 
Seat 4: moricezedonk (€2.14 in chips) 
Seat 5: JoanPons96 (€3.01 in chips) 
Seat 6: Dante69s (€1 in chips) 
NeverGiveupzzz: posts small blind €0.01
RMOT100A: posts big blind €0.02
*** HOLE CARDS ***
Dealt to pipinoelbreve9 [7c 8s]
moricezedonk: calls €0.02
JoanPons96: folds 
Dante69s: folds 
pipinoelbreve9: folds 
NeverGiveupzzz: folds 
RMOT100A: checks 
*** FLOP *** [5d 2h 4c]
RMOT100A: bets €0.02
moricezedonk: calls €0.02
*** TURN *** [5d 2h 4c] [8c]
RMOT100A: checks 
moricezedonk: checks 
*** RIVER *** [5d 2h 4c 8c] [4s]
RMOT100A: checks 
moricezedonk: checks 
*** SHOW DOWN ***
RMOT100A: shows [6c Ks] (a pair of Fours)
moricezedonk: shows [Qh As] (a pair of Fours - Ace kicker)
moricezedonk collected €0.09 from pot
*** SUMMARY ***
Total pot €0.09 | Rake €0 
Board [5d 2h 4c 8c 4s]
Seat 1: pipinoelbreve9 (button) folded before Flop (didn't bet)
Seat 2: NeverGiveupzzz (small blind) folded before Flop
Seat 3: RMOT100A (big blind) showed [6c Ks] and lost with a pair of Fours
Seat 4: moricezedonk showed [Qh As] and won (€0.09) with a pair of Fours
Seat 5: JoanPons96 folded before Flop (didn't bet)
Seat 6: Dante69s folded before Flop (didn't bet)



PokerStars Zoom Hand #258035604076:  Hold'em No Limit (€0.01/€0.02) - 2025/10/07 19:34:21 CET [2025/10/07 13:34:21 ET]
Table 'Arneb' 6-max Seat #1 is the button
Seat 1: DIOGO10238 (€1.22 in chips) 
Seat 2: JoanPons96 (€3.01 in chips) 
Seat 3: anuarlaguna7 (€2 in chips) 
Seat 4: Elons_Mucks (€2 in chips) 
Seat 5: pipinoelbreve9 (€3.76 in chips) 
Seat 6: NeverGiveupzzz (€2.01 in chips) 
JoanPons96: posts small blind €0.01
anuarlaguna7: posts big blind €0.02
*** HOLE CARDS ***
Dealt to pipinoelbreve9 [As Qc]
Elons_Mucks: raises €0.03 to €0.05
pipinoelbreve9: calls €0.05
NeverGiveupzzz: calls €0.05
DIOGO10238: raises €0.23 to €0.28
JoanPons96: folds 
anuarlaguna7: folds 
Elons_Mucks: folds 
pipinoelbreve9: calls €0.23
NeverGiveupzzz: folds 
*** FLOP *** [Ks 9c 4c]
pipinoelbreve9: checks 
DIOGO10238: bets €0.33
pipinoelbreve9: calls €0.33
*** TURN *** [Ks 9c 4c] [6c]
pipinoelbreve9: checks 
DIOGO10238: checks 
*** RIVER *** [Ks 9c 4c 6c] [2h]
pipinoelbreve9: bets €0.64
DIOGO10238: calls €0.61 and is all-in
Uncalled bet (€0.03) returned to pipinoelbreve9
*** SHOW DOWN ***
pipinoelbreve9: shows [As Qc] (high card Ace)
DIOGO10238: shows [7h 7d] (a pair of Sevens)
DIOGO10238 collected €2.44 from pot
*** SUMMARY ***
Total pot €2.57 | Rake €0.13 
Board [Ks 9c 4c 6c 2h]
Seat 1: DIOGO10238 (button) showed [7h 7d] and won (€2.44) with a pair of Sevens
Seat 2: JoanPons96 (small blind) folded before Flop
Seat 3: anuarlaguna7 (big blind) folded before Flop
Seat 4: Elons_Mucks folded before Flop
Seat 5: pipinoelbreve9 showed [As Qc] and lost with high card Ace
Seat 6: NeverGiveupzzz folded before Flop



PokerStars Zoom Hand #258035618217:  Hold'em No Limit (€0.01/€0.02) - 2025/10/07 19:35:28 CET [2025/10/07 13:35:28 ET]
Table 'Arneb' 6-max Seat #1 is the button
Seat 1: Debapuelles (€1.97 in chips) 
Seat 2: vegano504 (€2.41 in chips) 
Seat 3: burgoa89 (€2.34 in chips) 
Seat 4: euse383 (€1.89 in chips) 
Seat 5: boboy111 (€1.36 in chips) 
Seat 6: pipinoelbreve9 (€2.54 in chips) 
vegano504: posts small blind €0.01
burgoa89: posts big blind €0.02
*** HOLE CARDS ***
Dealt to pipinoelbreve9 [5c 5d]
euse383: folds 
boboy111: folds 
pipinoelbreve9: raises €0.04 to €0.06
Debapuelles: folds 
vegano504: folds 
burgoa89: folds 
Uncalled bet (€0.04) returned to pipinoelbreve9
pipinoelbreve9 collected €0.05 from pot
pipinoelbreve9: doesn't show hand 
*** SUMMARY ***
Total pot €0.05 | Rake €0 
Seat 1: Debapuelles (button) folded before Flop (didn't bet)
Seat 2: vegano504 (small blind) folded before Flop
Seat 3: burgoa89 (big blind) folded before Flop
Seat 4: euse383 folded before Flop (didn't bet)
Seat 5: boboy111 folded before Flop (didn't bet)
Seat 6: pipinoelbreve9 collected (€0.05)



