PokerStars Zoom Hand #258044264187:  Hold'em No Limit (€0.01/€0.02) - 2025/10/08 12:08:04 CET [2025/10/08 6:08:04 ET]
Table 'Arneb' 6-max Seat #1 is the button
Seat 1: fafamax666 (€2.03 in chips) 
Seat 2: kurikutela53 (€1 in chips) 
Seat 3: pipinoelbreve9 (€2 in chips) 
Seat 4: pherto97432 (€3.48 in chips) 
Seat 5: sukocash (€2.23 in chips) 
Seat 6: lud124 (€0.99 in chips) 
kurikutela53: posts small blind €0.01
pipinoelbreve9: posts big blind €0.02
*** HOLE CARDS ***
Dealt to pipinoelbreve9 [Qd Jc]
pherto97432: folds 
sukocash: folds 
lud124: folds 
fafamax666: folds 
kurikutela53: folds 
Uncalled bet (€0.01) returned to pipinoelbreve9
pipinoelbreve9 collected €0.02 from pot
pipinoelbreve9: doesn't show hand 
*** SUMMARY ***
Total pot €0.02 | Rake €0 
Seat 1: fafamax666 (button) folded before Flop (didn't bet)
Seat 2: kurikutela53 (small blind) folded before Flop
Seat 3: pipinoelbreve9 (big blind) collected (€0.02)
Seat 4: pherto97432 folded before Flop (didn't bet)
Seat 5: sukocash folded before Flop (didn't bet)
Seat 6: lud124 folded before Flop (didn't bet)



PokerStars Zoom Hand #258044265914:  Hold'em No Limit (€0.01/€0.02) - 2025/10/08 12:08:23 CET [2025/10/08 6:08:23 ET]
Table 'Arneb' 6-max Seat #1 is the button
Seat 1: Fran62j (€3.24 in chips) 
Seat 2: pipinoelbreve9 (€2.01 in chips) 
Seat 3: JotaPe333 (€3.41 in chips) 
Seat 4: RMOT100A (€1.88 in chips) 
Seat 5: fafamax666 (€2.01 in chips) 
Seat 6: papou61 (€1.97 in chips) 
pipinoelbreve9: posts small blind €0.01
JotaPe333: posts big blind €0.02
*** HOLE CARDS ***
Dealt to pipinoelbreve9 [Jc As]
RMOT100A: folds 
fafamax666: folds 
papou61: folds 
Fran62j: folds 
pipinoelbreve9: raises €0.04 to €0.06
JotaPe333: folds 
Uncalled bet (€0.04) returned to pipinoelbreve9
pipinoelbreve9 collected €0.04 from pot
pipinoelbreve9: doesn't show hand 
*** SUMMARY ***
Total pot €0.04 | Rake €0 
Seat 1: Fran62j (button) folded before Flop (didn't bet)
Seat 2: pipinoelbreve9 (small blind) collected (€0.04)
Seat 3: JotaPe333 (big blind) folded before Flop
Seat 4: RMOT100A folded before Flop (didn't bet)
Seat 5: fafamax666 folded before Flop (didn't bet)
Seat 6: papou61 folded before Flop (didn't bet)



PokerStars Zoom Hand #258044265122:  Hold'em No Limit (€0.01/€0.02) - 2025/10/08 12:08:14 CET [2025/10/08 6:08:14 ET]
Table 'Arneb' 6-max Seat #1 is the button
Seat 1: pipinoelbreve9 (€2.01 in chips) 
Seat 2: SrTTSC (€3.04 in chips) 
Seat 3: NEMOXYX (€2.44 in chips) 
Seat 4: Manzanoo33 (€2 in chips) 
Seat 5: pherto97432 (€3.48 in chips) 
Seat 6: RMOT100A (€2.13 in chips) 
SrTTSC: posts small blind €0.01
NEMOXYX: posts big blind €0.02
*** HOLE CARDS ***
Dealt to pipinoelbreve9 [6d Jc]
Manzanoo33: raises €0.04 to €0.06
pherto97432: folds 
RMOT100A: folds 
pipinoelbreve9: folds 
SrTTSC: folds 
NEMOXYX: calls €0.04
*** FLOP *** [3s 6c 4h]
NEMOXYX: checks 
Manzanoo33: checks 
*** TURN *** [3s 6c 4h] [Ts]
NEMOXYX: bets €0.08
Manzanoo33: folds 
Uncalled bet (€0.08) returned to NEMOXYX
NEMOXYX collected €0.12 from pot
NEMOXYX: doesn't show hand 
*** SUMMARY ***
Total pot €0.13 | Rake €0.01 
Board [3s 6c 4h Ts]
Seat 1: pipinoelbreve9 (button) folded before Flop (didn't bet)
Seat 2: SrTTSC (small blind) folded before Flop
Seat 3: NEMOXYX (big blind) collected (€0.12)
Seat 4: Manzanoo33 folded on the Turn
Seat 5: pherto97432 folded before Flop (didn't bet)
Seat 6: RMOT100A folded before Flop (didn't bet)



PokerStars Zoom Hand #258044267228:  Hold'em No Limit (€0.01/€0.02) - 2025/10/08 12:08:37 CET [2025/10/08 6:08:37 ET]
Table 'Arneb' 6-max Seat #1 is the button
Seat 1: RMOT100A (€2.12 in chips) 
Seat 2: zubulin (€1.64 in chips) 
Seat 3: odace15 (€5.40 in chips) 
Seat 4: astucia18 (€0.08 in chips) 
Seat 5: NEMOXYX (€2.12 in chips) 
Seat 6: pipinoelbreve9 (€2.03 in chips) 
zubulin: posts small blind €0.01
odace15: posts big blind €0.02
*** HOLE CARDS ***
Dealt to pipinoelbreve9 [4d Ac]
astucia18: folds 
NEMOXYX: folds 
pipinoelbreve9: folds 
RMOT100A: raises €0.08 to €0.10
zubulin: folds 
odace15: calls €0.08
*** FLOP *** [Th 7d 9d]
odace15: bets €0.13
RMOT100A: raises €0.13 to €0.26
odace15: folds 
Uncalled bet (€0.13) returned to RMOT100A
RMOT100A collected €0.45 from pot
RMOT100A: doesn't show hand 
*** SUMMARY ***
Total pot €0.47 | Rake €0.02 
Board [Th 7d 9d]
Seat 1: RMOT100A (button) collected (€0.45)
Seat 2: zubulin (small blind) folded before Flop
Seat 3: odace15 (big blind) folded on the Flop
Seat 4: astucia18 folded before Flop (didn't bet)
Seat 5: NEMOXYX folded before Flop (didn't bet)
Seat 6: pipinoelbreve9 folded before Flop (didn't bet)



PokerStars Zoom Hand #258044267643:  Hold'em No Limit (€0.01/€0.02) - 2025/10/08 12:08:42 CET [2025/10/08 6:08:42 ET]
Table 'Arneb' 6-max Seat #1 is the button
Seat 1: sukocash (€2.31 in chips) 
Seat 2: Isbut (€2.24 in chips) 
Seat 3: pipinoelbreve9 (€2.03 in chips) 
Seat 4: zubulin (€1.63 in chips) 
Seat 5: Dieumercy (€0.79 in chips) 
Seat 6: gregoss054 (€2 in chips) 
Isbut: posts small blind €0.01
pipinoelbreve9: posts big blind €0.02
*** HOLE CARDS ***
Dealt to pipinoelbreve9 [Qd Td]
zubulin: calls €0.02
Dieumercy: folds 
gregoss054: calls €0.02
sukocash: raises €0.06 to €0.08
Isbut: folds 
pipinoelbreve9: calls €0.06
zubulin: folds 
gregoss054: calls €0.06
*** FLOP *** [4c 9d 6h]
pipinoelbreve9: checks 
gregoss054: checks 
sukocash: bets €0.13
pipinoelbreve9: folds 
gregoss054: folds 
Uncalled bet (€0.13) returned to sukocash
sukocash collected €0.26 from pot
sukocash: doesn't show hand 
*** SUMMARY ***
Total pot €0.27 | Rake €0.01 
Board [4c 9d 6h]
Seat 1: sukocash (button) collected (€0.26)
Seat 2: Isbut (small blind) folded before Flop
Seat 3: pipinoelbreve9 (big blind) folded on the Flop
Seat 4: zubulin folded before Flop
Seat 5: Dieumercy folded before Flop (didn't bet)
Seat 6: gregoss054 folded on the Flop



PokerStars Zoom Hand #258044272823:  Hold'em No Limit (€0.01/€0.02) - 2025/10/08 12:09:37 CET [2025/10/08 6:09:37 ET]
Table 'Arneb' 6-max Seat #1 is the button
Seat 1: pipinoelbreve9 (€2 in chips) 
Seat 2: RMOT100A (€1.75 in chips) 
Seat 3: NEMOXYX (€2.49 in chips) 
Seat 4: DavSnook (€1.59 in chips) 
Seat 5: papou61 (€2.20 in chips) 
Seat 6: Isbut (€2.28 in chips) 
RMOT100A: posts small blind €0.01
NEMOXYX: posts big blind €0.02
*** HOLE CARDS ***
Dealt to pipinoelbreve9 [Jc Jd]
DavSnook: folds 
papou61: raises €0.02 to €0.04
Isbut: folds 
pipinoelbreve9: calls €0.04
RMOT100A: calls €0.03
NEMOXYX: folds 
*** FLOP *** [Kh 4d 7h]
RMOT100A: checks 
papou61: checks 
pipinoelbreve9: checks 
*** TURN *** [Kh 4d 7h] [6c]
RMOT100A: checks 
papou61: bets €0.07
pipinoelbreve9: calls €0.07
RMOT100A: calls €0.07
*** RIVER *** [Kh 4d 7h 6c] [6d]
RMOT100A: checks 
papou61: checks 
pipinoelbreve9: bets €0.11
RMOT100A: folds 
papou61: calls €0.11
*** SHOW DOWN ***
pipinoelbreve9: shows [Jc Jd] (two pair, Jacks and Sixes)
papou61: mucks hand 
pipinoelbreve9 collected €0.54 from pot
*** SUMMARY ***
Total pot €0.57 | Rake €0.03 
Board [Kh 4d 7h 6c 6d]
Seat 1: pipinoelbreve9 (button) showed [Jc Jd] and won (€0.54) with two pair, Jacks and Sixes
Seat 2: RMOT100A (small blind) folded on the River
Seat 3: NEMOXYX (big blind) folded before Flop
Seat 4: DavSnook folded before Flop (didn't bet)
Seat 5: papou61 mucked [Ah 7s]
Seat 6: Isbut folded before Flop (didn't bet)



PokerStars Zoom Hand #258044279510:  Hold'em No Limit (€0.01/€0.02) - 2025/10/08 12:10:49 CET [2025/10/08 6:10:49 ET]
Table 'Arneb' 6-max Seat #1 is the button
Seat 1: mcflurry_kitkat (€2.40 in chips) 
Seat 2: papou61 (€1.98 in chips) 
Seat 3: JotaPe333 (€3.28 in chips) 
Seat 4: gregoss054 (€2.24 in chips) 
Seat 5: pipinoelbreve9 (€2.32 in chips) 
Seat 6: anarubio17 (€1.37 in chips) 
papou61: posts small blind €0.01
JotaPe333: posts big blind €0.02
*** HOLE CARDS ***
Dealt to pipinoelbreve9 [Qh 5c]
gregoss054: folds 
pipinoelbreve9: folds 
anarubio17: calls €0.02
mcflurry_kitkat: folds 
papou61: raises €0.12 to €0.14
JotaPe333: folds 
anarubio17: folds 
Uncalled bet (€0.12) returned to papou61
papou61 collected €0.06 from pot
papou61: doesn't show hand 
*** SUMMARY ***
Total pot €0.06 | Rake €0 
Seat 1: mcflurry_kitkat (button) folded before Flop (didn't bet)
Seat 2: papou61 (small blind) collected (€0.06)
Seat 3: JotaPe333 (big blind) folded before Flop
Seat 4: gregoss054 folded before Flop (didn't bet)
Seat 5: pipinoelbreve9 folded before Flop (didn't bet)
Seat 6: anarubio17 folded before Flop



PokerStars Zoom Hand #258044280117:  Hold'em No Limit (€0.01/€0.02) - 2025/10/08 12:10:56 CET [2025/10/08 6:10:56 ET]
Table 'Arneb' 6-max Seat #1 is the button
Seat 1: joaoadp (€2.31 in chips) 
Seat 2: pipinoelbreve9 (€2.32 in chips) 
Seat 3: lucho100789 (€3.82 in chips) 
Seat 4: Ethanicus1966 (€2.88 in chips) 
Seat 5: Isbut (€2.49 in chips) 
Seat 6: VEGAMAR (€2.06 in chips) 
pipinoelbreve9: posts small blind €0.01
lucho100789: posts big blind €0.02
*** HOLE CARDS ***
Dealt to pipinoelbreve9 [As Jh]
Ethanicus1966: folds 
Isbut: folds 
VEGAMAR: folds 
joaoadp: calls €0.02
pipinoelbreve9: raises €0.08 to €0.10
lucho100789: folds 
joaoadp: folds 
Uncalled bet (€0.08) returned to pipinoelbreve9
pipinoelbreve9 collected €0.06 from pot
pipinoelbreve9: doesn't show hand 
*** SUMMARY ***
Total pot €0.06 | Rake €0 
Seat 1: joaoadp (button) folded before Flop
Seat 2: pipinoelbreve9 (small blind) collected (€0.06)
Seat 3: lucho100789 (big blind) folded before Flop
Seat 4: Ethanicus1966 folded before Flop (didn't bet)
Seat 5: Isbut folded before Flop (didn't bet)
Seat 6: VEGAMAR folded before Flop (didn't bet)



PokerStars Zoom Hand #258044282005:  Hold'em No Limit (€0.01/€0.02) - 2025/10/08 12:11:16 CET [2025/10/08 6:11:16 ET]
Table 'Arneb' 6-max Seat #1 is the button
Seat 1: zubulin (€1.58 in chips) 
Seat 2: titi58250 (€1.93 in chips) 
Seat 3: papou61 (€2.02 in chips) 
Seat 4: DavSnook (€1.92 in chips) 
Seat 5: pipinoelbreve9 (€2.36 in chips) 
Seat 6: NEMOXYX (€2.02 in chips) 
titi58250: posts small blind €0.01
papou61: posts big blind €0.02
*** HOLE CARDS ***
Dealt to pipinoelbreve9 [Ks Js]
DavSnook: folds 
pipinoelbreve9: raises €0.04 to €0.06
NEMOXYX: folds 
zubulin: folds 
titi58250: folds 
papou61: folds 
Uncalled bet (€0.04) returned to pipinoelbreve9
pipinoelbreve9 collected €0.05 from pot
pipinoelbreve9: doesn't show hand 
*** SUMMARY ***
Total pot €0.05 | Rake €0 
Seat 1: zubulin (button) folded before Flop (didn't bet)
Seat 2: titi58250 (small blind) folded before Flop
Seat 3: papou61 (big blind) folded before Flop
Seat 4: DavSnook folded before Flop (didn't bet)
Seat 5: pipinoelbreve9 collected (€0.05)
Seat 6: NEMOXYX folded before Flop (didn't bet)



PokerStars Zoom Hand #258044283293:  Hold'em No Limit (€0.01/€0.02) - 2025/10/08 12:11:30 CET [2025/10/08 6:11:30 ET]
Table 'Arneb' 6-max Seat #1 is the button
Seat 1: pherto97432 (€2.88 in chips) 
Seat 2: joaoadp (€2.27 in chips) 
Seat 3: pedrofenix19 (€1.60 in chips) 
Seat 4: NEMOXYX (€2.02 in chips) 
Seat 5: VEGAMAR (€2.04 in chips) 
Seat 6: pipinoelbreve9 (€2.39 in chips) 
joaoadp: posts small blind €0.01
pedrofenix19: posts big blind €0.02
*** HOLE CARDS ***
Dealt to pipinoelbreve9 [Th Ac]
NEMOXYX: folds 
VEGAMAR: raises €0.04 to €0.06
pipinoelbreve9: folds 
pherto97432: folds 
joaoadp: folds 
pedrofenix19: folds 
Uncalled bet (€0.04) returned to VEGAMAR
VEGAMAR collected €0.05 from pot
VEGAMAR: doesn't show hand 
*** SUMMARY ***
Total pot €0.05 | Rake €0 
Seat 1: pherto97432 (button) folded before Flop (didn't bet)
Seat 2: joaoadp (small blind) folded before Flop
Seat 3: pedrofenix19 (big blind) folded before Flop
Seat 4: NEMOXYX folded before Flop (didn't bet)
Seat 5: VEGAMAR collected (€0.05)
Seat 6: pipinoelbreve9 folded before Flop (didn't bet)



PokerStars Zoom Hand #258044284076:  Hold'em No Limit (€0.01/€0.02) - 2025/10/08 12:11:38 CET [2025/10/08 6:11:38 ET]
Table 'Arneb' 6-max Seat #1 is the button
Seat 1: Ethanicus1966 (€2.95 in chips) 
Seat 2: papou61 (€2 in chips) 
Seat 3: Dieumercy (€0.99 in chips) 
Seat 4: pipinoelbreve9 (€2.39 in chips) 
Seat 5: NEMOXYX (€2.74 in chips) 
Seat 6: DavSnook (€4.19 in chips) 
papou61: posts small blind €0.01
Dieumercy: posts big blind €0.02
*** HOLE CARDS ***
Dealt to pipinoelbreve9 [Js 2h]
pipinoelbreve9: folds 
NEMOXYX: folds 
DavSnook: folds 
Ethanicus1966: folds 
papou61: calls €0.01
Dieumercy: checks 
*** FLOP *** [7h Kd Ah]
papou61: bets €0.02
Dieumercy: folds 
Uncalled bet (€0.02) returned to papou61
papou61 collected €0.04 from pot
papou61: doesn't show hand 
*** SUMMARY ***
Total pot €0.04 | Rake €0 
Board [7h Kd Ah]
Seat 1: Ethanicus1966 (button) folded before Flop (didn't bet)
Seat 2: papou61 (small blind) collected (€0.04)
Seat 3: Dieumercy (big blind) folded on the Flop
Seat 4: pipinoelbreve9 folded before Flop (didn't bet)
Seat 5: NEMOXYX folded before Flop (didn't bet)
Seat 6: DavSnook folded before Flop (didn't bet)



PokerStars Zoom Hand #258044285003:  Hold'em No Limit (€0.01/€0.02) - 2025/10/08 12:11:48 CET [2025/10/08 6:11:48 ET]
Table 'Arneb' 6-max Seat #1 is the button
Seat 1: RMOT100A (€1.71 in chips) 
Seat 2: anuarlaguna7 (€4.06 in chips) 
Seat 3: pipinoelbreve9 (€2.39 in chips) 
Seat 4: Manzanoo33 (€2.19 in chips) 
Seat 5: gregoss054 (€4.08 in chips) 
Seat 6: DavSnook (€1.94 in chips) 
anuarlaguna7: posts small blind €0.01
pipinoelbreve9: posts big blind €0.02
*** HOLE CARDS ***
Dealt to pipinoelbreve9 [5h 8d]
Manzanoo33: folds 
gregoss054: folds 
DavSnook: folds 
RMOT100A: folds 
anuarlaguna7: folds 
Uncalled bet (€0.01) returned to pipinoelbreve9
pipinoelbreve9 collected €0.02 from pot
pipinoelbreve9: doesn't show hand 
*** SUMMARY ***
Total pot €0.02 | Rake €0 
Seat 1: RMOT100A (button) folded before Flop (didn't bet)
Seat 2: anuarlaguna7 (small blind) folded before Flop
Seat 3: pipinoelbreve9 (big blind) collected (€0.02)
Seat 4: Manzanoo33 folded before Flop (didn't bet)
Seat 5: gregoss054 folded before Flop (didn't bet)
Seat 6: DavSnook folded before Flop (didn't bet)



PokerStars Zoom Hand #258044286192:  Hold'em No Limit (€0.01/€0.02) - 2025/10/08 12:12:01 CET [2025/10/08 6:12:01 ET]
Table 'Arneb' 6-max Seat #1 is the button
Seat 1: anuarlaguna7 (€2 in chips) 
Seat 2: Manzanoo33 (€2.03 in chips) 
Seat 3: DavSnook (€1.40 in chips) 
Seat 4: pipinoelbreve9 (€2.40 in chips) 
Seat 5: NEMOXYX (€2.71 in chips) 
Seat 6: odace15 (€5.34 in chips) 
Manzanoo33: posts small blind €0.01
DavSnook: posts big blind €0.02
*** HOLE CARDS ***
Dealt to pipinoelbreve9 [7s Jd]
pipinoelbreve9: folds 
NEMOXYX: raises €0.04 to €0.06
odace15: folds 
anuarlaguna7: folds 
Manzanoo33: folds 
DavSnook: folds 
Uncalled bet (€0.04) returned to NEMOXYX
NEMOXYX collected €0.05 from pot
NEMOXYX: doesn't show hand 
*** SUMMARY ***
Total pot €0.05 | Rake €0 
Seat 1: anuarlaguna7 (button) folded before Flop (didn't bet)
Seat 2: Manzanoo33 (small blind) folded before Flop
Seat 3: DavSnook (big blind) folded before Flop
Seat 4: pipinoelbreve9 folded before Flop (didn't bet)
Seat 5: NEMOXYX collected (€0.05)
Seat 6: odace15 folded before Flop (didn't bet)



PokerStars Zoom Hand #258044286972:  Hold'em No Limit (€0.01/€0.02) - 2025/10/08 12:12:10 CET [2025/10/08 6:12:10 ET]
Table 'Arneb' 6-max Seat #1 is the button
Seat 1: Manzanoo33 (€2.02 in chips) 
Seat 2: pipinoelbreve9 (€2.40 in chips) 
Seat 3: Elons_Mucks (€2.59 in chips) 
Seat 4: odace15 (€5.34 in chips) 
Seat 5: RMOT100A (€2.21 in chips) 
Seat 6: adricrack970 (€2.02 in chips) 
pipinoelbreve9: posts small blind €0.01
Elons_Mucks: posts big blind €0.02
*** HOLE CARDS ***
Dealt to pipinoelbreve9 [Js 5h]
odace15: folds 
RMOT100A: folds 
adricrack970: folds 
Manzanoo33: folds 
pipinoelbreve9: folds 
Uncalled bet (€0.01) returned to Elons_Mucks
Elons_Mucks collected €0.02 from pot
Elons_Mucks: doesn't show hand 
*** SUMMARY ***
Total pot €0.02 | Rake €0 
Seat 1: Manzanoo33 (button) folded before Flop (didn't bet)
Seat 2: pipinoelbreve9 (small blind) folded before Flop
Seat 3: Elons_Mucks (big blind) collected (€0.02)
Seat 4: odace15 folded before Flop (didn't bet)
Seat 5: RMOT100A folded before Flop (didn't bet)
Seat 6: adricrack970 folded before Flop (didn't bet)



PokerStars Zoom Hand #258044284373:  Hold'em No Limit (€0.01/€0.02) - 2025/10/08 12:11:42 CET [2025/10/08 6:11:42 ET]
Table 'Arneb' 6-max Seat #1 is the button
Seat 1: Fran62j (€2.69 in chips) 
Seat 2: odace15 (€4.13 in chips) 
Seat 3: Manzanoo33 (€2.05 in chips) 
Seat 4: adricrack970 (€3.16 in chips) 
Seat 5: pipinoelbreve9 (€2.39 in chips) 
Seat 6: fakir laden (€1.26 in chips) 
odace15: posts small blind €0.01
Manzanoo33: posts big blind €0.02
*** HOLE CARDS ***
Dealt to pipinoelbreve9 [Jc Ts]
adricrack970: raises €0.04 to €0.06
pipinoelbreve9: folds 
fakir laden: folds 
Fran62j: folds 
odace15: calls €0.05
Manzanoo33: folds 
*** FLOP *** [4h 9s 3h]
odace15: bets €0.08
adricrack970: calls €0.08
*** TURN *** [4h 9s 3h] [8s]
odace15: checks 
adricrack970: checks 
*** RIVER *** [4h 9s 3h 8s] [9h]
odace15: bets €0.18
adricrack970: folds 
Uncalled bet (€0.18) returned to odace15
odace15 collected €0.28 from pot
odace15: doesn't show hand 
*** SUMMARY ***
Total pot €0.30 | Rake €0.02 
Board [4h 9s 3h 8s 9h]
Seat 1: Fran62j (button) folded before Flop (didn't bet)
Seat 2: odace15 (small blind) collected (€0.28)
Seat 3: Manzanoo33 (big blind) folded before Flop
Seat 4: adricrack970 folded on the River
Seat 5: pipinoelbreve9 folded before Flop (didn't bet)
Seat 6: fakir laden folded before Flop (didn't bet)



PokerStars Zoom Hand #258044288312:  Hold'em No Limit (€0.01/€0.02) - 2025/10/08 12:12:25 CET [2025/10/08 6:12:25 ET]
Table 'Arneb' 6-max Seat #1 is the button
Seat 1: DavSnook (€1.88 in chips) 
Seat 2: RMOT100A (€1.59 in chips) 
Seat 3: Dieumercy (€0.96 in chips) 
Seat 4: anuarlaguna7 (€2 in chips) 
Seat 5: mcflurry_kitkat (€2.30 in chips) 
Seat 6: pipinoelbreve9 (€2.39 in chips) 
RMOT100A: posts small blind €0.01
Dieumercy: posts big blind €0.02
*** HOLE CARDS ***
Dealt to pipinoelbreve9 [7d Ts]
anuarlaguna7: folds 
mcflurry_kitkat: folds 
pipinoelbreve9: folds 
DavSnook: folds 
RMOT100A: folds 
Uncalled bet (€0.01) returned to Dieumercy
Dieumercy collected €0.02 from pot
Dieumercy: doesn't show hand 
*** SUMMARY ***
Total pot €0.02 | Rake €0 
Seat 1: DavSnook (button) folded before Flop (didn't bet)
Seat 2: RMOT100A (small blind) folded before Flop
Seat 3: Dieumercy (big blind) collected (€0.02)
Seat 4: anuarlaguna7 folded before Flop (didn't bet)
Seat 5: mcflurry_kitkat folded before Flop (didn't bet)
Seat 6: pipinoelbreve9 folded before Flop (didn't bet)



PokerStars Zoom Hand #258044287834:  Hold'em No Limit (€0.01/€0.02) - 2025/10/08 12:12:19 CET [2025/10/08 6:12:19 ET]
Table 'Arneb' 6-max Seat #1 is the button
Seat 1: pipinoelbreve9 (€2.39 in chips) 
Seat 2: papou61 (€2.02 in chips) 
Seat 3: Manzanoo33 (€2.17 in chips) 
Seat 4: Dieumercy (€0.96 in chips) 
Seat 5: pherto97432 (€3.40 in chips) 
Seat 6: RMOT100A (€1.59 in chips) 
papou61: posts small blind €0.01
Manzanoo33: posts big blind €0.02
*** HOLE CARDS ***
Dealt to pipinoelbreve9 [2c 6h]
Dieumercy: folds 
pherto97432: raises €0.06 to €0.08
RMOT100A: folds 
pipinoelbreve9: folds 
papou61: folds 
Manzanoo33: calls €0.06
*** FLOP *** [5h Ad 6d]
Manzanoo33: checks 
pherto97432: checks 
*** TURN *** [5h Ad 6d] [7h]
Manzanoo33: checks 
pherto97432: checks 
*** RIVER *** [5h Ad 6d 7h] [Kh]
Manzanoo33: bets €0.06
pherto97432: folds 
Uncalled bet (€0.06) returned to Manzanoo33
Manzanoo33 collected €0.16 from pot
Manzanoo33: doesn't show hand 
*** SUMMARY ***
Total pot €0.17 | Rake €0.01 
Board [5h Ad 6d 7h Kh]
Seat 1: pipinoelbreve9 (button) folded before Flop (didn't bet)
Seat 2: papou61 (small blind) folded before Flop
Seat 3: Manzanoo33 (big blind) collected (€0.16)
Seat 4: Dieumercy folded before Flop (didn't bet)
Seat 5: pherto97432 folded on the River
Seat 6: RMOT100A folded before Flop (didn't bet)



PokerStars Zoom Hand #258044290626:  Hold'em No Limit (€0.01/€0.02) - 2025/10/08 12:12:50 CET [2025/10/08 6:12:50 ET]
Table 'Arneb' 6-max Seat #1 is the button
Seat 1: kurikutela53 (€1 in chips) 
Seat 2: titi58250 (€1.96 in chips) 
Seat 3: pipinoelbreve9 (€2.39 in chips) 
Seat 4: Hugo OGM (€2.07 in chips) 
Seat 5: RMOT100A (€2.20 in chips) 
Seat 6: pedrofenix19 (€1.67 in chips) 
titi58250: posts small blind €0.01
pipinoelbreve9: posts big blind €0.02
*** HOLE CARDS ***
Dealt to pipinoelbreve9 [Th 6s]
Hugo OGM: folds 
RMOT100A: folds 
pedrofenix19: folds 
kurikutela53: folds 
titi58250: folds 
Uncalled bet (€0.01) returned to pipinoelbreve9
pipinoelbreve9 collected €0.02 from pot
pipinoelbreve9: doesn't show hand 
*** SUMMARY ***
Total pot €0.02 | Rake €0 
Seat 1: kurikutela53 (button) folded before Flop (didn't bet)
Seat 2: titi58250 (small blind) folded before Flop
Seat 3: pipinoelbreve9 (big blind) collected (€0.02)
Seat 4: Hugo OGM folded before Flop (didn't bet)
Seat 5: RMOT100A folded before Flop (didn't bet)
Seat 6: pedrofenix19 folded before Flop (didn't bet)



PokerStars Zoom Hand #258044291512:  Hold'em No Limit (€0.01/€0.02) - 2025/10/08 12:12:59 CET [2025/10/08 6:12:59 ET]
Table 'Arneb' 6-max Seat #1 is the button
Seat 1: pipinoelbreve9 (€2.40 in chips) 
Seat 2: gregoss054 (€4.20 in chips) 
Seat 3: jointslaw (€2.54 in chips) 
Seat 4: Isbut (€2.49 in chips) 
Seat 5: DavSnook (€0.89 in chips) 
Seat 6: NEMOXYX (€2.02 in chips) 
gregoss054: posts small blind €0.01
jointslaw: posts big blind €0.02
*** HOLE CARDS ***
Dealt to pipinoelbreve9 [9d 3c]
Isbut: raises €0.05 to €0.07
DavSnook: raises €0.17 to €0.24
NEMOXYX: folds 
pipinoelbreve9: folds 
gregoss054: folds 
jointslaw: folds 
Isbut: folds 
Uncalled bet (€0.17) returned to DavSnook
DavSnook collected €0.17 from pot
DavSnook: doesn't show hand 
*** SUMMARY ***
Total pot €0.17 | Rake €0 
Seat 1: pipinoelbreve9 (button) folded before Flop (didn't bet)
Seat 2: gregoss054 (small blind) folded before Flop
Seat 3: jointslaw (big blind) folded before Flop
Seat 4: Isbut folded before Flop
Seat 5: DavSnook collected (€0.17)
Seat 6: NEMOXYX folded before Flop (didn't bet)



PokerStars Zoom Hand #258044293172:  Hold'em No Limit (€0.01/€0.02) - 2025/10/08 12:13:17 CET [2025/10/08 6:13:17 ET]
Table 'Arneb' 6-max Seat #1 is the button
Seat 1: DavSnook (€4.79 in chips) 
Seat 2: Hugo OGM (€2.05 in chips) 
Seat 3: pipinoelbreve9 (€2.39 in chips) 
Seat 4: pherto97432 (€2.11 in chips) 
Seat 5: odace15 (€4.25 in chips) 
Seat 6: RMOT100A (€1.68 in chips) 
Hugo OGM: posts small blind €0.01
pipinoelbreve9: posts big blind €0.02
*** HOLE CARDS ***
Dealt to pipinoelbreve9 [6d 3d]
pherto97432: folds 
odace15: folds 
RMOT100A: folds 
DavSnook: folds 
Hugo OGM: folds 
Uncalled bet (€0.01) returned to pipinoelbreve9
pipinoelbreve9 collected €0.02 from pot
pipinoelbreve9: doesn't show hand 
*** SUMMARY ***
Total pot €0.02 | Rake €0 
Seat 1: DavSnook (button) folded before Flop (didn't bet)
Seat 2: Hugo OGM (small blind) folded before Flop
Seat 3: pipinoelbreve9 (big blind) collected (€0.02)
Seat 4: pherto97432 folded before Flop (didn't bet)
Seat 5: odace15 folded before Flop (didn't bet)
Seat 6: RMOT100A folded before Flop (didn't bet)



PokerStars Zoom Hand #258044290159:  Hold'em No Limit (€0.01/€0.02) - 2025/10/08 12:12:45 CET [2025/10/08 6:12:45 ET]
Table 'Arneb' 6-max Seat #1 is the button
Seat 1: adricrack970 (€2.99 in chips) 
Seat 2: loudydrix (€1.69 in chips) 
Seat 3: odace15 (€4.27 in chips) 
Seat 4: pipinoelbreve9 (€2.39 in chips) 
Seat 5: titi58250 (€1.96 in chips) 
Seat 6: vaviprisou (€1.50 in chips) 
loudydrix: posts small blind €0.01
odace15: posts big blind €0.02
*** HOLE CARDS ***
Dealt to pipinoelbreve9 [5d 8s]
pipinoelbreve9: folds 
titi58250: folds 
vaviprisou: raises €0.03 to €0.05
adricrack970: raises €0.09 to €0.14
loudydrix: folds 
odace15: folds 
vaviprisou: calls €0.09
*** FLOP *** [Ac 2c 3c]
vaviprisou: checks 
adricrack970: bets €0.09
vaviprisou: folds 
Uncalled bet (€0.09) returned to adricrack970
adricrack970 collected €0.29 from pot
adricrack970: doesn't show hand 
*** SUMMARY ***
Total pot €0.31 | Rake €0.02 
Board [Ac 2c 3c]
Seat 1: adricrack970 (button) collected (€0.29)
Seat 2: loudydrix (small blind) folded before Flop
Seat 3: odace15 (big blind) folded before Flop
Seat 4: pipinoelbreve9 folded before Flop (didn't bet)
Seat 5: titi58250 folded before Flop (didn't bet)
Seat 6: vaviprisou folded on the Flop



PokerStars Zoom Hand #258044295057:  Hold'em No Limit (€0.01/€0.02) - 2025/10/08 12:13:37 CET [2025/10/08 6:13:37 ET]
Table 'Arneb' 6-max Seat #1 is the button
Seat 1: Ethanicus1966 (€3.17 in chips) 
Seat 2: Manzanoo33 (€2.33 in chips) 
Seat 3: kurikutela53 (€1.34 in chips) 
Seat 4: pipinoelbreve9 (€2.40 in chips) 
Seat 5: Debapuelles (€1.96 in chips) 
Seat 6: jointslaw (€2.51 in chips) 
Manzanoo33: posts small blind €0.01
kurikutela53: posts big blind €0.02
*** HOLE CARDS ***
Dealt to pipinoelbreve9 [8d 7c]
pipinoelbreve9: folds 
Debapuelles: folds 
jointslaw: folds 
Ethanicus1966: folds 
Manzanoo33: folds 
Uncalled bet (€0.01) returned to kurikutela53
kurikutela53 collected €0.02 from pot
kurikutela53: doesn't show hand 
*** SUMMARY ***
Total pot €0.02 | Rake €0 
Seat 1: Ethanicus1966 (button) folded before Flop (didn't bet)
Seat 2: Manzanoo33 (small blind) folded before Flop
Seat 3: kurikutela53 (big blind) collected (€0.02)
Seat 4: pipinoelbreve9 folded before Flop (didn't bet)
Seat 5: Debapuelles folded before Flop (didn't bet)
Seat 6: jointslaw folded before Flop (didn't bet)



PokerStars Zoom Hand #258044292769:  Hold'em No Limit (€0.01/€0.02) - 2025/10/08 12:13:13 CET [2025/10/08 6:13:13 ET]
Table 'Arneb' 6-max Seat #1 is the button
Seat 1: odace15 (€4.25 in chips) 
Seat 2: Debapuelles (€1.99 in chips) 
Seat 3: pedrofenix19 (€1.67 in chips) 
Seat 4: joaoadp (€2.19 in chips) 
Seat 5: Manzanoo33 (€2.25 in chips) 
Seat 6: pipinoelbreve9 (€2.39 in chips) 
Debapuelles: posts small blind €0.01
pedrofenix19: posts big blind €0.02
*** HOLE CARDS ***
Dealt to pipinoelbreve9 [7d Ts]
joaoadp: raises €0.03 to €0.05
Manzanoo33: folds 
pipinoelbreve9: folds 
odace15: folds 
Debapuelles: folds 
pedrofenix19: calls €0.03
*** FLOP *** [3s Qc 3c]
pedrofenix19: bets €0.07
joaoadp: calls €0.07
*** TURN *** [3s Qc 3c] [5c]
pedrofenix19: checks 
joaoadp: checks 
*** RIVER *** [3s Qc 3c 5c] [6c]
pedrofenix19: bets €0.16
joaoadp: calls €0.16
*** SHOW DOWN ***
pedrofenix19: shows [9c Ad] (a flush, Queen high)
joaoadp: mucks hand 
pedrofenix19 collected €0.54 from pot
*** SUMMARY ***
Total pot €0.57 | Rake €0.03 
Board [3s Qc 3c 5c 6c]
Seat 1: odace15 (button) folded before Flop (didn't bet)
Seat 2: Debapuelles (small blind) folded before Flop
Seat 3: pedrofenix19 (big blind) showed [9c Ad] and won (€0.54) with a flush, Queen high
Seat 4: joaoadp mucked [3h 2h]
Seat 5: Manzanoo33 folded before Flop (didn't bet)
Seat 6: pipinoelbreve9 folded before Flop (didn't bet)



PokerStars Zoom Hand #258044294282:  Hold'em No Limit (€0.01/€0.02) - 2025/10/08 12:13:29 CET [2025/10/08 6:13:29 ET]
Table 'Arneb' 6-max Seat #1 is the button
Seat 1: pipinoelbreve9 (€2.40 in chips) 
Seat 2: loudydrix (€1.66 in chips) 
Seat 3: elseneka-1 (€0.43 in chips) 
Seat 4: odace15 (€4.24 in chips) 
Seat 5: Elons_Mucks (€2.56 in chips) 
Seat 6: anonimo336 (€2.33 in chips) 
loudydrix: posts small blind €0.01
elseneka-1: posts big blind €0.02
*** HOLE CARDS ***
Dealt to pipinoelbreve9 [6c 4s]
odace15: folds 
Elons_Mucks: raises €0.03 to €0.05
anonimo336: folds 
pipinoelbreve9: folds 
loudydrix: folds 
elseneka-1: calls €0.03
*** FLOP *** [Ah Qh 3c]
elseneka-1: checks 
Elons_Mucks: checks 
*** TURN *** [Ah Qh 3c] [As]
elseneka-1: checks 
Elons_Mucks: checks 
*** RIVER *** [Ah Qh 3c As] [7h]
elseneka-1: checks 
Elons_Mucks: checks 
*** SHOW DOWN ***
elseneka-1: shows [4d 5c] (a pair of Aces)
Elons_Mucks: shows [Qd Js] (two pair, Aces and Queens)
Elons_Mucks collected €0.10 from pot
*** SUMMARY ***
Total pot €0.11 | Rake €0.01 
Board [Ah Qh 3c As 7h]
Seat 1: pipinoelbreve9 (button) folded before Flop (didn't bet)
Seat 2: loudydrix (small blind) folded before Flop
Seat 3: elseneka-1 (big blind) showed [4d 5c] and lost with a pair of Aces
Seat 4: odace15 folded before Flop (didn't bet)
Seat 5: Elons_Mucks showed [Qd Js] and won (€0.10) with two pair, Aces and Queens
Seat 6: anonimo336 folded before Flop (didn't bet)



PokerStars Zoom Hand #258044295962:  Hold'em No Limit (€0.01/€0.02) - 2025/10/08 12:13:47 CET [2025/10/08 6:13:47 ET]
Table 'Arneb' 6-max Seat #1 is the button
Seat 1: adricrack970 (€2.10 in chips) 
Seat 2: pipinoelbreve9 (€2.40 in chips) 
Seat 3: Isbut (€2.51 in chips) 
Seat 4: odace15 (€5.38 in chips) 
Seat 5: pedrofenix19 (€1.93 in chips) 
Seat 6: joaoadp (€1.91 in chips) 
pipinoelbreve9: posts small blind €0.01
Isbut: posts big blind €0.02
*** HOLE CARDS ***
Dealt to pipinoelbreve9 [7d Ks]
odace15: folds 
pedrofenix19: folds 
joaoadp: folds 
adricrack970: raises €0.04 to €0.06
pipinoelbreve9: calls €0.05
Isbut: folds 
*** FLOP *** [6d Jd Ts]
pipinoelbreve9: checks 
adricrack970: checks 
*** TURN *** [6d Jd Ts] [7h]
pipinoelbreve9: bets €0.04
adricrack970: folds 
Uncalled bet (€0.04) returned to pipinoelbreve9
pipinoelbreve9 collected €0.13 from pot
pipinoelbreve9: doesn't show hand 
*** SUMMARY ***
Total pot €0.14 | Rake €0.01 
Board [6d Jd Ts 7h]
Seat 1: adricrack970 (button) folded on the Turn
Seat 2: pipinoelbreve9 (small blind) collected (€0.13)
Seat 3: Isbut (big blind) folded before Flop
Seat 4: odace15 folded before Flop (didn't bet)
Seat 5: pedrofenix19 folded before Flop (didn't bet)
Seat 6: joaoadp folded before Flop (didn't bet)



PokerStars Zoom Hand #258044295539:  Hold'em No Limit (€0.01/€0.02) - 2025/10/08 12:13:43 CET [2025/10/08 6:13:43 ET]
Table 'Arneb' 6-max Seat #1 is the button
Seat 1: astucia18 (€2 in chips) 
Seat 2: Madrolo59 (€2.56 in chips) 
Seat 3: uri Roller (€2 in chips) 
Seat 4: pherto97432 (€3.36 in chips) 
Seat 5: Manzanoo33 (€2.32 in chips) 
Seat 6: pipinoelbreve9 (€2.40 in chips) 
Madrolo59: posts small blind €0.01
uri Roller: posts big blind €0.02
*** HOLE CARDS ***
Dealt to pipinoelbreve9 [8c 5h]
pherto97432: folds 
Manzanoo33: raises €0.04 to €0.06
pipinoelbreve9: folds 
astucia18: folds 
Madrolo59: calls €0.05
uri Roller: folds 
*** FLOP *** [Jc 7s 4h]
Madrolo59: checks 
Manzanoo33: bets €0.04
Madrolo59: calls €0.04
*** TURN *** [Jc 7s 4h] [6d]
Madrolo59: checks 
Manzanoo33: bets €0.08
Madrolo59: folds 
Uncalled bet (€0.08) returned to Manzanoo33
Manzanoo33 collected €0.21 from pot
Manzanoo33: doesn't show hand 
*** SUMMARY ***
Total pot €0.22 | Rake €0.01 
Board [Jc 7s 4h 6d]
Seat 1: astucia18 (button) folded before Flop (didn't bet)
Seat 2: Madrolo59 (small blind) folded on the Turn
Seat 3: uri Roller (big blind) folded before Flop
Seat 4: pherto97432 folded before Flop (didn't bet)
Seat 5: Manzanoo33 collected (€0.21)
Seat 6: pipinoelbreve9 folded before Flop (didn't bet)



PokerStars Zoom Hand #258044294654:  Hold'em No Limit (€0.01/€0.02) - 2025/10/08 12:13:33 CET [2025/10/08 6:13:33 ET]
Table 'Arneb' 6-max Seat #1 is the button
Seat 1: loudydrix (€1.65 in chips) 
Seat 2: anonimo336 (€3.48 in chips) 
Seat 3: Isbut (€2.51 in chips) 
Seat 4: odace15 (€4.24 in chips) 
Seat 5: pipinoelbreve9 (€2.40 in chips) 
Seat 6: juranibe (€0.90 in chips) 
anonimo336: posts small blind €0.01
Isbut: posts big blind €0.02
*** HOLE CARDS ***
Dealt to pipinoelbreve9 [6c 2s]
odace15: folds 
pipinoelbreve9: folds 
juranibe: folds 
loudydrix: raises €0.02 to €0.04
anonimo336: raises €0.18 to €0.22
Isbut: folds 
loudydrix: calls €0.18
*** FLOP *** [Jh 5d Ks]
anonimo336: bets €0.11
loudydrix: raises €0.11 to €0.22
anonimo336: calls €0.11
*** TURN *** [Jh 5d Ks] [Jd]
anonimo336: checks 
loudydrix: bets €0.28
anonimo336: calls €0.28
*** RIVER *** [Jh 5d Ks Jd] [6h]
anonimo336: checks 
loudydrix: checks 
*** SHOW DOWN ***
anonimo336: shows [Qc Kd] (two pair, Kings and Jacks)
loudydrix: shows [Js Qh] (three of a kind, Jacks)
loudydrix collected €1.39 from pot
*** SUMMARY ***
Total pot €1.46 | Rake €0.07 
Board [Jh 5d Ks Jd 6h]
Seat 1: loudydrix (button) showed [Js Qh] and won (€1.39) with three of a kind, Jacks
Seat 2: anonimo336 (small blind) showed [Qc Kd] and lost with two pair, Kings and Jacks
Seat 3: Isbut (big blind) folded before Flop
Seat 4: odace15 folded before Flop (didn't bet)
Seat 5: pipinoelbreve9 folded before Flop (didn't bet)
Seat 6: juranibe folded before Flop (didn't bet)



PokerStars Zoom Hand #258044288581:  Hold'em No Limit (€0.01/€0.02) - 2025/10/08 12:12:28 CET [2025/10/08 6:12:28 ET]
Table 'Arneb' 6-max Seat #1 is the button
Seat 1: mcflurry_kitkat (€2.30 in chips) 
Seat 2: zubulin (€1.47 in chips) 
Seat 3: papou61 (€2.01 in chips) 
Seat 4: pipinoelbreve9 (€2.39 in chips) 
Seat 5: odace15 (€4.27 in chips) 
Seat 6: DavSnook (€1.88 in chips) 
zubulin: posts small blind €0.01
papou61: posts big blind €0.02
*** HOLE CARDS ***
Dealt to pipinoelbreve9 [Kh 9s]
pipinoelbreve9 has timed out
pipinoelbreve9: folds 
odace15: folds 
DavSnook: folds 
mcflurry_kitkat: raises €0.04 to €0.06
zubulin: folds 
papou61: raises €0.13 to €0.19
mcflurry_kitkat: calls €0.13
*** FLOP *** [6s As 7h]
papou61: checks 
mcflurry_kitkat: checks 
*** TURN *** [6s As 7h] [Qc]
papou61: checks 
mcflurry_kitkat: checks 
*** RIVER *** [6s As 7h Qc] [7d]
papou61: checks 
mcflurry_kitkat: bets €0.48
papou61: calls €0.48
*** SHOW DOWN ***
mcflurry_kitkat: shows [Jc Ks] (a pair of Sevens)
papou61: shows [Jh Jd] (two pair, Jacks and Sevens)
papou61 collected €1.28 from pot
*** SUMMARY ***
Total pot €1.35 | Rake €0.07 
Board [6s As 7h Qc 7d]
Seat 1: mcflurry_kitkat (button) showed [Jc Ks] and lost with a pair of Sevens
Seat 2: zubulin (small blind) folded before Flop
Seat 3: papou61 (big blind) showed [Jh Jd] and won (€1.28) with two pair, Jacks and Sevens
Seat 4: pipinoelbreve9 folded before Flop (didn't bet)
Seat 5: odace15 folded before Flop (didn't bet)
Seat 6: DavSnook folded before Flop (didn't bet)



PokerStars Zoom Hand #258044292028:  Hold'em No Limit (€0.01/€0.02) - 2025/10/08 12:13:05 CET [2025/10/08 6:13:05 ET]
Table 'Arneb' 6-max Seat #1 is the button
Seat 1: NEMOXYX (€2.02 in chips) 
Seat 2: pipinoelbreve9 (€2.40 in chips) 
Seat 3: lucho100789 (€3.38 in chips) 
Seat 4: RMOT100A (€1.68 in chips) 
Seat 5: verdi07 (€2.03 in chips) 
Seat 6: gregoss054 (€4.19 in chips) 
pipinoelbreve9: posts small blind €0.01
lucho100789: posts big blind €0.02
*** HOLE CARDS ***
Dealt to pipinoelbreve9 [6c 9h]
RMOT100A: folds 
verdi07: raises €0.04 to €0.06
gregoss054: calls €0.06
NEMOXYX: calls €0.06
pipinoelbreve9: folds 
lucho100789: calls €0.04
*** FLOP *** [Js Ts Qd]
lucho100789: bets €0.10
verdi07: calls €0.10
gregoss054: calls €0.10
NEMOXYX: folds 
*** TURN *** [Js Ts Qd] [5h]
lucho100789: checks 
verdi07: checks 
gregoss054: checks 
*** RIVER *** [Js Ts Qd 5h] [4c]
lucho100789: checks 
verdi07: checks 
gregoss054: checks 
*** SHOW DOWN ***
lucho100789: shows [Kh Td] (a pair of Tens)
verdi07: shows [Tc Ac] (a pair of Tens - Ace kicker)
gregoss054: mucks hand 
verdi07 collected €0.52 from pot
*** SUMMARY ***
Total pot €0.55 | Rake €0.03 
Board [Js Ts Qd 5h 4c]
Seat 1: NEMOXYX (button) folded on the Flop
Seat 2: pipinoelbreve9 (small blind) folded before Flop
Seat 3: lucho100789 (big blind) showed [Kh Td] and lost with a pair of Tens
Seat 4: RMOT100A folded before Flop (didn't bet)
Seat 5: verdi07 showed [Tc Ac] and won (€0.52) with a pair of Tens
Seat 6: gregoss054 mucked [As 9s]



PokerStars Zoom Hand #258044298405:  Hold'em No Limit (€0.01/€0.02) - 2025/10/08 12:14:14 CET [2025/10/08 6:14:14 ET]
Table 'Arneb' 6-max Seat #1 is the button
Seat 1: pipinoelbreve9 (€2.47 in chips) 
Seat 2: Ethanicus1966 (€3.17 in chips) 
Seat 3: pedrofenix19 (€1.92 in chips) 
Seat 4: pherto97432 (€2.85 in chips) 
Seat 5: vaviprisou (€1.41 in chips) 
Seat 6: Isbut (€2.56 in chips) 
Ethanicus1966: posts small blind €0.01
pedrofenix19: posts big blind €0.02
*** HOLE CARDS ***
Dealt to pipinoelbreve9 [6c 7h]
pherto97432: folds 
vaviprisou: folds 
Isbut: folds 
pipinoelbreve9: folds 
Ethanicus1966: raises €0.04 to €0.06
pedrofenix19: raises €0.06 to €0.12
Ethanicus1966: calls €0.06
*** FLOP *** [Qs Td 9d]
Ethanicus1966: checks 
pedrofenix19: bets €0.15
Ethanicus1966: calls €0.15
*** TURN *** [Qs Td 9d] [8d]
Ethanicus1966: bets €0.51
pedrofenix19: calls €0.51
*** RIVER *** [Qs Td 9d 8d] [As]
Ethanicus1966: checks 
pedrofenix19: checks 
*** SHOW DOWN ***
Ethanicus1966: shows [9s Jc] (a straight, Eight to Queen)
pedrofenix19: shows [Js Ks] (a straight, Ten to Ace)
pedrofenix19 collected €1.48 from pot
*** SUMMARY ***
Total pot €1.56 | Rake €0.08 
Board [Qs Td 9d 8d As]
Seat 1: pipinoelbreve9 (button) folded before Flop (didn't bet)
Seat 2: Ethanicus1966 (small blind) showed [9s Jc] and lost with a straight, Eight to Queen
Seat 3: pedrofenix19 (big blind) showed [Js Ks] and won (€1.48) with a straight, Ten to Ace
Seat 4: pherto97432 folded before Flop (didn't bet)
Seat 5: vaviprisou folded before Flop (didn't bet)
Seat 6: Isbut folded before Flop (didn't bet)



PokerStars Zoom Hand #258044298838:  Hold'em No Limit (€0.01/€0.02) - 2025/10/08 12:14:18 CET [2025/10/08 6:14:18 ET]
Table 'Arneb' 6-max Seat #1 is the button
Seat 1: JotaPe333 (€3.60 in chips) 
Seat 2: anonimo336 (€2.31 in chips) 
Seat 3: pipinoelbreve9 (€2.47 in chips) 
Seat 4: LLinusLLovefan (€2.42 in chips) 
Seat 5: NEMOXYX (€2.68 in chips) 
Seat 6: kurikutela53 (€0.98 in chips) 
anonimo336: posts small blind €0.01
pipinoelbreve9: posts big blind €0.02
*** HOLE CARDS ***
Dealt to pipinoelbreve9 [4h Kd]
LLinusLLovefan: folds 
NEMOXYX: folds 
kurikutela53: folds 
JotaPe333: folds 
anonimo336: raises €0.04 to €0.06
pipinoelbreve9: calls €0.04
*** FLOP *** [6d 3h 8h]
anonimo336: checks 
pipinoelbreve9: checks 
*** TURN *** [6d 3h 8h] [Ts]
anonimo336: checks 
pipinoelbreve9: checks 
*** RIVER *** [6d 3h 8h Ts] [Jd]
anonimo336: checks 
pipinoelbreve9: checks 
*** SHOW DOWN ***
anonimo336: shows [7s Ah] (high card Ace)
pipinoelbreve9: mucks hand 
anonimo336 collected €0.11 from pot
*** SUMMARY ***
Total pot €0.12 | Rake €0.01 
Board [6d 3h 8h Ts Jd]
Seat 1: JotaPe333 (button) folded before Flop (didn't bet)
Seat 2: anonimo336 (small blind) showed [7s Ah] and won (€0.11) with high card Ace
Seat 3: pipinoelbreve9 (big blind) mucked [4h Kd]
Seat 4: LLinusLLovefan folded before Flop (didn't bet)
Seat 5: NEMOXYX folded before Flop (didn't bet)
Seat 6: kurikutela53 folded before Flop (didn't bet)



PokerStars Zoom Hand #258044302788:  Hold'em No Limit (€0.01/€0.02) - 2025/10/08 12:15:00 CET [2025/10/08 6:15:00 ET]
Table 'Arneb' 6-max Seat #1 is the button
Seat 1: LLinusLLovefan (€2.37 in chips) 
Seat 2: Isbut (€2.64 in chips) 
Seat 3: SrTTSC (€4.38 in chips) 
Seat 4: anonimo336 (€2.36 in chips) 
Seat 5: pipinoelbreve9 (€2.41 in chips) 
Seat 6: pherto97432 (€2.77 in chips) 
Isbut: posts small blind €0.01
SrTTSC: posts big blind €0.02
*** HOLE CARDS ***
Dealt to pipinoelbreve9 [Jd Kh]
anonimo336: folds 
pipinoelbreve9: raises €0.04 to €0.06
pherto97432: folds 
LLinusLLovefan: folds 
Isbut: folds 
SrTTSC: folds 
Uncalled bet (€0.04) returned to pipinoelbreve9
pipinoelbreve9 collected €0.05 from pot
pipinoelbreve9: doesn't show hand 
*** SUMMARY ***
Total pot €0.05 | Rake €0 
Seat 1: LLinusLLovefan (button) folded before Flop (didn't bet)
Seat 2: Isbut (small blind) folded before Flop
Seat 3: SrTTSC (big blind) folded before Flop
Seat 4: anonimo336 folded before Flop (didn't bet)
Seat 5: pipinoelbreve9 collected (€0.05)
Seat 6: pherto97432 folded before Flop (didn't bet)



PokerStars Zoom Hand #258044303984:  Hold'em No Limit (€0.01/€0.02) - 2025/10/08 12:15:13 CET [2025/10/08 6:15:13 ET]
Table 'Arneb' 6-max Seat #1 is the button
Seat 1: Isbut (€2.63 in chips) 
Seat 2: pipinoelbreve9 (€2.44 in chips) 
Seat 3: loudydrix (€4.29 in chips) 
Seat 4: zubulin (€1.46 in chips) 
Seat 5: lud124 (€0.82 in chips) 
Seat 6: LLinusLLovefan (€2.37 in chips) 
pipinoelbreve9: posts small blind €0.01
loudydrix: posts big blind €0.02
*** HOLE CARDS ***
Dealt to pipinoelbreve9 [Qd 7s]
zubulin: folds 
lud124: calls €0.02
LLinusLLovefan: folds 
Isbut: folds 
pipinoelbreve9: raises €0.08 to €0.10
loudydrix: folds 
lud124: calls €0.08
*** FLOP *** [Qc 3d 6d]
pipinoelbreve9: bets €0.07
lud124: calls €0.07
*** TURN *** [Qc 3d 6d] [Jh]
pipinoelbreve9: bets €0.17
lud124: calls €0.17
*** RIVER *** [Qc 3d 6d Jh] [9s]
pipinoelbreve9: bets €0.22
lud124: calls €0.22
*** SHOW DOWN ***
pipinoelbreve9: shows [Qd 7s] (a pair of Queens)
lud124: shows [Qs Js] (two pair, Queens and Jacks)
lud124 collected €1.08 from pot
*** SUMMARY ***
Total pot €1.14 | Rake €0.06 
Board [Qc 3d 6d Jh 9s]
Seat 1: Isbut (button) folded before Flop (didn't bet)
Seat 2: pipinoelbreve9 (small blind) showed [Qd 7s] and lost with a pair of Queens
Seat 3: loudydrix (big blind) folded before Flop
Seat 4: zubulin folded before Flop (didn't bet)
Seat 5: lud124 showed [Qs Js] and won (€1.08) with two pair, Queens and Jacks
Seat 6: LLinusLLovefan folded before Flop (didn't bet)



PokerStars Zoom Hand #258044306939:  Hold'em No Limit (€0.01/€0.02) - 2025/10/08 12:15:44 CET [2025/10/08 6:15:44 ET]
Table 'Arneb' 6-max Seat #1 is the button
Seat 1: RMOT100A (€1.72 in chips) 
Seat 2: lud124 (€1.34 in chips) 
Seat 3: Hugo OGM (€2 in chips) 
Seat 4: LLinusLLovefan (€2.10 in chips) 
Seat 5: pherto97432 (€2.79 in chips) 
Seat 6: pipinoelbreve9 (€2 in chips) 
lud124: posts small blind €0.01
Hugo OGM: posts big blind €0.02
*** HOLE CARDS ***
Dealt to pipinoelbreve9 [Kh 8c]
LLinusLLovefan: folds 
pherto97432: folds 
pipinoelbreve9: folds 
RMOT100A: folds 
lud124: folds 
Uncalled bet (€0.01) returned to Hugo OGM
Hugo OGM collected €0.02 from pot
Hugo OGM: doesn't show hand 
*** SUMMARY ***
Total pot €0.02 | Rake €0 
Seat 1: RMOT100A (button) folded before Flop (didn't bet)
Seat 2: lud124 (small blind) folded before Flop
Seat 3: Hugo OGM (big blind) collected (€0.02)
Seat 4: LLinusLLovefan folded before Flop (didn't bet)
Seat 5: pherto97432 folded before Flop (didn't bet)
Seat 6: pipinoelbreve9 folded before Flop (didn't bet)



PokerStars Zoom Hand #258044307393:  Hold'em No Limit (€0.01/€0.02) - 2025/10/08 12:15:49 CET [2025/10/08 6:15:49 ET]
Table 'Arneb' 6-max Seat #1 is the button
Seat 1: pherto97432 (€3.15 in chips) 
Seat 2: verdi07 (€2.39 in chips) 
Seat 3: LLinusLLovefan (€2.10 in chips) 
Seat 4: pipinoelbreve9 (€2 in chips) 
Seat 5: kurikutela53 (€0.88 in chips) 
Seat 6: Dieumercy (€0.84 in chips) 
verdi07: posts small blind €0.01
LLinusLLovefan: posts big blind €0.02
*** HOLE CARDS ***
Dealt to pipinoelbreve9 [Qs Ac]
pipinoelbreve9: raises €0.04 to €0.06
kurikutela53: folds 
Dieumercy: folds 
pherto97432: folds 
verdi07: folds 
LLinusLLovefan: folds 
Uncalled bet (€0.04) returned to pipinoelbreve9
pipinoelbreve9 collected €0.05 from pot
pipinoelbreve9: doesn't show hand 
*** SUMMARY ***
Total pot €0.05 | Rake €0 
Seat 1: pherto97432 (button) folded before Flop (didn't bet)
Seat 2: verdi07 (small blind) folded before Flop
Seat 3: LLinusLLovefan (big blind) folded before Flop
Seat 4: pipinoelbreve9 collected (€0.05)
Seat 5: kurikutela53 folded before Flop (didn't bet)
Seat 6: Dieumercy folded before Flop (didn't bet)



PokerStars Zoom Hand #258044308852:  Hold'em No Limit (€0.01/€0.02) - 2025/10/08 12:16:04 CET [2025/10/08 6:16:04 ET]
Table 'Arneb' 6-max Seat #1 is the button
Seat 1: titigodi (€2.40 in chips) 
Seat 2: pherto97432 (€3.15 in chips) 
Seat 3: NEMOXYX (€2.46 in chips) 
Seat 4: odace15 (€4.55 in chips) 
Seat 5: pipinoelbreve9 (€2.03 in chips) 
Seat 6: Isbut (€2.41 in chips) 
pherto97432: posts small blind €0.01
NEMOXYX: posts big blind €0.02
*** HOLE CARDS ***
Dealt to pipinoelbreve9 [8s 9h]
odace15: folds 
pipinoelbreve9: folds 
Isbut: folds 
titigodi: folds 
pherto97432: folds 
Uncalled bet (€0.01) returned to NEMOXYX
NEMOXYX collected €0.02 from pot
NEMOXYX: doesn't show hand 
*** SUMMARY ***
Total pot €0.02 | Rake €0 
Seat 1: titigodi (button) folded before Flop (didn't bet)
Seat 2: pherto97432 (small blind) folded before Flop
Seat 3: NEMOXYX (big blind) collected (€0.02)
Seat 4: odace15 folded before Flop (didn't bet)
Seat 5: pipinoelbreve9 folded before Flop (didn't bet)
Seat 6: Isbut folded before Flop (didn't bet)



PokerStars Zoom Hand #258044309144:  Hold'em No Limit (€0.01/€0.02) - 2025/10/08 12:16:07 CET [2025/10/08 6:16:07 ET]
Table 'Arneb' 6-max Seat #1 is the button
Seat 1: RMOT100A (€2.25 in chips) 
Seat 2: odace15 (€4.55 in chips) 
Seat 3: pipinoelbreve9 (€2.03 in chips) 
Seat 4: uri Roller (€2.21 in chips) 
Seat 5: gregoss054 (€2 in chips) 
Seat 6: pedrofenix19 (€2.81 in chips) 
odace15: posts small blind €0.01
pipinoelbreve9: posts big blind €0.02
*** HOLE CARDS ***
Dealt to pipinoelbreve9 [Kd 2c]
uri Roller: folds 
gregoss054: folds 
pedrofenix19: raises €0.03 to €0.05
RMOT100A: calls €0.05
odace15: folds 
pipinoelbreve9: folds 
*** FLOP *** [Ac 7s 8c]
pedrofenix19: bets €0.08
RMOT100A: calls €0.08
*** TURN *** [Ac 7s 8c] [Kh]
pedrofenix19: checks 
RMOT100A: checks 
*** RIVER *** [Ac 7s 8c Kh] [Ks]
pedrofenix19: checks 
RMOT100A: checks 
*** SHOW DOWN ***
pedrofenix19: shows [3h 3s] (two pair, Kings and Threes)
RMOT100A: shows [Qh Qd] (two pair, Kings and Queens)
RMOT100A collected €0.28 from pot
*** SUMMARY ***
Total pot €0.29 | Rake €0.01 
Board [Ac 7s 8c Kh Ks]
Seat 1: RMOT100A (button) showed [Qh Qd] and won (€0.28) with two pair, Kings and Queens
Seat 2: odace15 (small blind) folded before Flop
Seat 3: pipinoelbreve9 (big blind) folded before Flop
Seat 4: uri Roller folded before Flop (didn't bet)
Seat 5: gregoss054 folded before Flop (didn't bet)
Seat 6: pedrofenix19 showed [3h 3s] and lost with two pair, Kings and Threes



PokerStars Zoom Hand #258044310614:  Hold'em No Limit (€0.01/€0.02) - 2025/10/08 12:16:22 CET [2025/10/08 6:16:22 ET]
Table 'Arneb' 6-max Seat #1 is the button
Seat 1: Symvertebrate (€1.97 in chips) 
Seat 2: pipinoelbreve9 (€2.01 in chips) 
Seat 3: mcwilo (€1.94 in chips) 
Seat 4: DavSnook (€1.78 in chips) 
Seat 5: Shadow63130 (€1.92 in chips) 
Seat 6: LLinusLLovefan (€2.07 in chips) 
pipinoelbreve9: posts small blind €0.01
mcwilo: posts big blind €0.02
*** HOLE CARDS ***
Dealt to pipinoelbreve9 [4s 4c]
DavSnook: raises €0.05 to €0.07
Shadow63130: calls €0.07
LLinusLLovefan: folds 
Symvertebrate: folds 
pipinoelbreve9: calls €0.06
mcwilo: folds 
*** FLOP *** [Th Kd 3d]
pipinoelbreve9: checks 
DavSnook: bets €0.10
Shadow63130: calls €0.10
pipinoelbreve9: folds 
*** TURN *** [Th Kd 3d] [8h]
DavSnook: bets €0.20
Shadow63130: calls €0.20
*** RIVER *** [Th Kd 3d 8h] [7h]
DavSnook: checks 
Shadow63130: checks 
*** SHOW DOWN ***
DavSnook: shows [7d 5d] (a pair of Sevens)
Shadow63130: shows [As Ts] (a pair of Tens)
Shadow63130 collected €0.79 from pot
*** SUMMARY ***
Total pot €0.83 | Rake €0.04 
Board [Th Kd 3d 8h 7h]
Seat 1: Symvertebrate (button) folded before Flop (didn't bet)
Seat 2: pipinoelbreve9 (small blind) folded on the Flop
Seat 3: mcwilo (big blind) folded before Flop
Seat 4: DavSnook showed [7d 5d] and lost with a pair of Sevens
Seat 5: Shadow63130 showed [As Ts] and won (€0.79) with a pair of Tens
Seat 6: LLinusLLovefan folded before Flop (didn't bet)



PokerStars Zoom Hand #258044312195:  Hold'em No Limit (€0.01/€0.02) - 2025/10/08 12:16:39 CET [2025/10/08 6:16:39 ET]
Table 'Arneb' 6-max Seat #1 is the button
Seat 1: pipinoelbreve9 (€2 in chips) 
Seat 2: adricrack970 (€2 in chips) 
Seat 3: lucho100789 (€3.37 in chips) 
Seat 4: VEGAMAR (€2 in chips) 
Seat 5: RMOT100A (€1.39 in chips) 
Seat 6: x Txipi x (€11.75 in chips) 
adricrack970: posts small blind €0.01
lucho100789: posts big blind €0.02
*** HOLE CARDS ***
Dealt to pipinoelbreve9 [3s 6s]
VEGAMAR: raises €0.04 to €0.06
RMOT100A: folds 
x Txipi x: folds 
pipinoelbreve9: folds 
adricrack970: folds 
lucho100789: folds 
Uncalled bet (€0.04) returned to VEGAMAR
VEGAMAR collected €0.05 from pot
VEGAMAR: doesn't show hand 
*** SUMMARY ***
Total pot €0.05 | Rake €0 
Seat 1: pipinoelbreve9 (button) folded before Flop (didn't bet)
Seat 2: adricrack970 (small blind) folded before Flop
Seat 3: lucho100789 (big blind) folded before Flop
Seat 4: VEGAMAR collected (€0.05)
Seat 5: RMOT100A folded before Flop (didn't bet)
Seat 6: x Txipi x folded before Flop (didn't bet)



PokerStars Zoom Hand #258044310287:  Hold'em No Limit (€0.01/€0.02) - 2025/10/08 12:16:19 CET [2025/10/08 6:16:19 ET]
Table 'Arneb' 6-max Seat #1 is the button
Seat 1: LLinusLLovefan (€2.07 in chips) 
Seat 2: Isbut (€2.41 in chips) 
Seat 3: pherto97432 (€3.14 in chips) 
Seat 4: pipinoelbreve9 (€2.01 in chips) 
Seat 5: Manzanoo33 (€2.14 in chips) 
Seat 6: anonimo336 (€2.36 in chips) 
Isbut: posts small blind €0.01
pherto97432: posts big blind €0.02
*** HOLE CARDS ***
Dealt to pipinoelbreve9 [6s 4c]
pipinoelbreve9: folds 
Manzanoo33: raises €0.04 to €0.06
anonimo336: folds 
LLinusLLovefan: folds 
Isbut: raises €0.14 to €0.20
pherto97432: calls €0.18
Manzanoo33: calls €0.14
*** FLOP *** [3c Ad 7d]
Isbut: checks 
pherto97432: bets €0.19
Manzanoo33: folds 
Isbut: calls €0.19
*** TURN *** [3c Ad 7d] [8c]
Isbut: checks 
pherto97432: bets €0.31
Isbut: calls €0.31
*** RIVER *** [3c Ad 7d 8c] [2c]
Isbut: bets €0.38
pherto97432: calls €0.38
*** SHOW DOWN ***
Isbut: shows [Kh Kd] (a pair of Kings)
pherto97432: shows [Jc Ac] (a flush, Ace high)
pherto97432 collected €2.24 from pot
*** SUMMARY ***
Total pot €2.36 | Rake €0.12 
Board [3c Ad 7d 8c 2c]
Seat 1: LLinusLLovefan (button) folded before Flop (didn't bet)
Seat 2: Isbut (small blind) showed [Kh Kd] and lost with a pair of Kings
Seat 3: pherto97432 (big blind) showed [Jc Ac] and won (€2.24) with a flush, Ace high
Seat 4: pipinoelbreve9 folded before Flop (didn't bet)
Seat 5: Manzanoo33 folded on the Flop
Seat 6: anonimo336 folded before Flop (didn't bet)



PokerStars Zoom Hand #258044312527:  Hold'em No Limit (€0.01/€0.02) - 2025/10/08 12:16:43 CET [2025/10/08 6:16:43 ET]
Table 'Arneb' 6-max Seat #1 is the button
Seat 1: rejo1965 (€2.13 in chips) 
Seat 2: LLinusLLovefan (€2.52 in chips) 
Seat 3: verdi07 (€2.20 in chips) 
Seat 4: RMOT100A (€1.39 in chips) 
Seat 5: x Txipi x (€11.75 in chips) 
Seat 6: pipinoelbreve9 (€2 in chips) 
LLinusLLovefan: posts small blind €0.01
verdi07: posts big blind €0.02
*** HOLE CARDS ***
Dealt to pipinoelbreve9 [Qd Jd]
RMOT100A: folds 
x Txipi x: raises €0.04 to €0.06
pipinoelbreve9: raises €0.12 to €0.18
rejo1965: folds 
LLinusLLovefan: folds 
verdi07: folds 
x Txipi x: calls €0.12
*** FLOP *** [7c 6h 9d]
x Txipi x: checks 
pipinoelbreve9: bets €0.12
x Txipi x: raises €0.22 to €0.34
pipinoelbreve9: folds 
Uncalled bet (€0.22) returned to x Txipi x
x Txipi x collected €0.60 from pot
x Txipi x: doesn't show hand 
*** SUMMARY ***
Total pot €0.63 | Rake €0.03 
Board [7c 6h 9d]
Seat 1: rejo1965 (button) folded before Flop (didn't bet)
Seat 2: LLinusLLovefan (small blind) folded before Flop
Seat 3: verdi07 (big blind) folded before Flop
Seat 4: RMOT100A folded before Flop (didn't bet)
Seat 5: x Txipi x collected (€0.60)
Seat 6: pipinoelbreve9 folded on the Flop



PokerStars Zoom Hand #258044317471:  Hold'em No Limit (€0.01/€0.02) - 2025/10/08 12:17:36 CET [2025/10/08 6:17:36 ET]
Table 'Arneb' 6-max Seat #1 is the button
Seat 1: NEMOXYX (€2.67 in chips) 
Seat 2: LLinusLLovefan (€2.29 in chips) 
Seat 3: pipinoelbreve9 (€2 in chips) 
Seat 4: anonimo336 (€5.83 in chips) 
Seat 5: Isbut (€1.31 in chips) 
Seat 6: DavSnook (€3.94 in chips) 
LLinusLLovefan: posts small blind €0.01
pipinoelbreve9: posts big blind €0.02
*** HOLE CARDS ***
Dealt to pipinoelbreve9 [2d Ks]
anonimo336: folds 
Isbut: folds 
DavSnook: folds 
NEMOXYX: raises €0.03 to €0.05
LLinusLLovefan: folds 
pipinoelbreve9: folds 
Uncalled bet (€0.03) returned to NEMOXYX
NEMOXYX collected €0.05 from pot
NEMOXYX: doesn't show hand 
*** SUMMARY ***
Total pot €0.05 | Rake €0 
Seat 1: NEMOXYX (button) collected (€0.05)
Seat 2: LLinusLLovefan (small blind) folded before Flop
Seat 3: pipinoelbreve9 (big blind) folded before Flop
Seat 4: anonimo336 folded before Flop (didn't bet)
Seat 5: Isbut folded before Flop (didn't bet)
Seat 6: DavSnook folded before Flop (didn't bet)



PokerStars Zoom Hand #258044320054:  Hold'em No Limit (€0.01/€0.02) - 2025/10/08 12:18:04 CET [2025/10/08 6:18:04 ET]
Table 'Arneb' 6-max Seat #1 is the button
Seat 1: Fran62j (€2.74 in chips) 
Seat 2: DavSnook (€3.92 in chips) 
Seat 3: Dieumercy (€0.77 in chips) 
Seat 4: SrTTSC (€4.33 in chips) 
Seat 5: RMOT100A (€1.29 in chips) 
Seat 6: pipinoelbreve9 (€2 in chips) 
DavSnook: posts small blind €0.01
Dieumercy: posts big blind €0.02
*** HOLE CARDS ***
Dealt to pipinoelbreve9 [2c 6s]
SrTTSC: folds 
RMOT100A: folds 
pipinoelbreve9: folds 
Fran62j: raises €0.04 to €0.06
DavSnook: folds 
Dieumercy: folds 
Uncalled bet (€0.04) returned to Fran62j
Fran62j collected €0.05 from pot
Fran62j: doesn't show hand 
*** SUMMARY ***
Total pot €0.05 | Rake €0 
Seat 1: Fran62j (button) collected (€0.05)
Seat 2: DavSnook (small blind) folded before Flop
Seat 3: Dieumercy (big blind) folded before Flop
Seat 4: SrTTSC folded before Flop (didn't bet)
Seat 5: RMOT100A folded before Flop (didn't bet)
Seat 6: pipinoelbreve9 folded before Flop (didn't bet)



PokerStars Zoom Hand #258044319168:  Hold'em No Limit (€0.01/€0.02) - 2025/10/08 12:17:54 CET [2025/10/08 6:17:54 ET]
Table 'Arneb' 6-max Seat #1 is the button
Seat 1: joaoadp (€1.73 in chips) 
Seat 2: uri Roller (€3.38 in chips) 
Seat 3: gregoss054 (€2.64 in chips) 
Seat 4: Fran62j (€2.74 in chips) 
Seat 5: pipinoelbreve9 (€2 in chips) 
Seat 6: NEMOXYX (€2.70 in chips) 
uri Roller: posts small blind €0.01
gregoss054: posts big blind €0.02
*** HOLE CARDS ***
Dealt to pipinoelbreve9 [Th Jd]
Fran62j: folds 
pipinoelbreve9: folds 
NEMOXYX: raises €0.04 to €0.06
joaoadp: raises €0.20 to €0.26
uri Roller: folds 
gregoss054: folds 
NEMOXYX: folds 
Uncalled bet (€0.20) returned to joaoadp
joaoadp collected €0.15 from pot
joaoadp: doesn't show hand 
*** SUMMARY ***
Total pot €0.15 | Rake €0 
Seat 1: joaoadp (button) collected (€0.15)
Seat 2: uri Roller (small blind) folded before Flop
Seat 3: gregoss054 (big blind) folded before Flop
Seat 4: Fran62j folded before Flop (didn't bet)
Seat 5: pipinoelbreve9 folded before Flop (didn't bet)
Seat 6: NEMOXYX folded before Flop



PokerStars Zoom Hand #258044321649:  Hold'em No Limit (€0.01/€0.02) - 2025/10/08 12:18:20 CET [2025/10/08 6:18:20 ET]
Table 'Arneb' 6-max Seat #1 is the button
Seat 1: pipinoelbreve9 (€2 in chips) 
Seat 2: Fran62j (€2.77 in chips) 
Seat 3: RMOT100A (€1.29 in chips) 
Seat 4: loudydrix (€4.38 in chips) 
Seat 5: gregoss054 (€2.62 in chips) 
Seat 6: anonimo336 (€2.40 in chips) 
Fran62j: posts small blind €0.01
RMOT100A: posts big blind €0.02
*** HOLE CARDS ***
Dealt to pipinoelbreve9 [9h 5s]
loudydrix: folds 
gregoss054: raises €0.04 to €0.06
anonimo336: folds 
pipinoelbreve9: folds 
Fran62j: raises €0.18 to €0.24
RMOT100A: folds 
gregoss054: folds 
Uncalled bet (€0.18) returned to Fran62j
Fran62j collected €0.14 from pot
Fran62j: doesn't show hand 
*** SUMMARY ***
Total pot €0.14 | Rake €0 
Seat 1: pipinoelbreve9 (button) folded before Flop (didn't bet)
Seat 2: Fran62j (small blind) collected (€0.14)
Seat 3: RMOT100A (big blind) folded before Flop
Seat 4: loudydrix folded before Flop (didn't bet)
Seat 5: gregoss054 folded before Flop
Seat 6: anonimo336 folded before Flop (didn't bet)



PokerStars Zoom Hand #258044321928:  Hold'em No Limit (€0.01/€0.02) - 2025/10/08 12:18:23 CET [2025/10/08 6:18:23 ET]
Table 'Arneb' 6-max Seat #1 is the button
Seat 1: loudydrix (€4.38 in chips) 
Seat 2: pherto97432 (€2.60 in chips) 
Seat 3: LLinusLLovefan (€5.27 in chips) 
Seat 4: DavSnook (€1.35 in chips) 
Seat 5: pipinoelbreve9 (€2 in chips) 
Seat 6: sukocash (€2 in chips) 
pherto97432: posts small blind €0.01
LLinusLLovefan: posts big blind €0.02
*** HOLE CARDS ***
Dealt to pipinoelbreve9 [8h 2s]
DavSnook: folds 
pipinoelbreve9: folds 
sukocash: folds 
loudydrix: folds 
pherto97432: raises €0.02 to €0.04
LLinusLLovefan: folds 
Uncalled bet (€0.02) returned to pherto97432
pherto97432 collected €0.04 from pot
pherto97432: doesn't show hand 
*** SUMMARY ***
Total pot €0.04 | Rake €0 
Seat 1: loudydrix (button) folded before Flop (didn't bet)
Seat 2: pherto97432 (small blind) collected (€0.04)
Seat 3: LLinusLLovefan (big blind) folded before Flop
Seat 4: DavSnook folded before Flop (didn't bet)
Seat 5: pipinoelbreve9 folded before Flop (didn't bet)
Seat 6: sukocash folded before Flop (didn't bet)



PokerStars Zoom Hand #258044320662:  Hold'em No Limit (€0.01/€0.02) - 2025/10/08 12:18:10 CET [2025/10/08 6:18:10 ET]
Table 'Arneb' 6-max Seat #1 is the button
Seat 1: rejo1965 (€1.98 in chips) 
Seat 2: pipinoelbreve9 (€2 in chips) 
Seat 3: leobcn9 (€2 in chips) 
Seat 4: VEGAMAR (€2 in chips) 
Seat 5: kurikutela53 (€0.98 in chips) 
Seat 6: Shadow63130 (€2.25 in chips) 
pipinoelbreve9: posts small blind €0.01
leobcn9: posts big blind €0.02
*** HOLE CARDS ***
Dealt to pipinoelbreve9 [8d Ah]
VEGAMAR: folds 
kurikutela53: folds 
Shadow63130: raises €0.04 to €0.06
rejo1965: calls €0.06
pipinoelbreve9: folds 
leobcn9: folds 
*** FLOP *** [3d 5s Ks]
Shadow63130: bets €0.02
rejo1965: calls €0.02
*** TURN *** [3d 5s Ks] [7d]
Shadow63130: bets €0.02
rejo1965: calls €0.02
*** RIVER *** [3d 5s Ks 7d] [4s]
Shadow63130: checks 
rejo1965: bets €0.22
Shadow63130: folds 
Uncalled bet (€0.22) returned to rejo1965
rejo1965 collected €0.22 from pot
rejo1965: doesn't show hand 
*** SUMMARY ***
Total pot €0.23 | Rake €0.01 
Board [3d 5s Ks 7d 4s]
Seat 1: rejo1965 (button) collected (€0.22)
Seat 2: pipinoelbreve9 (small blind) folded before Flop
Seat 3: leobcn9 (big blind) folded before Flop
Seat 4: VEGAMAR folded before Flop (didn't bet)
Seat 5: kurikutela53 folded before Flop (didn't bet)
Seat 6: Shadow63130 folded on the River



PokerStars Zoom Hand #258044322304:  Hold'em No Limit (€0.01/€0.02) - 2025/10/08 12:18:28 CET [2025/10/08 6:18:28 ET]
Table 'Arneb' 6-max Seat #1 is the button
Seat 1: LLinusLLovefan (€2 in chips) 
Seat 2: RMOT100A (€1.56 in chips) 
Seat 3: pipinoelbreve9 (€2 in chips) 
Seat 4: mcwilo (€1.92 in chips) 
Seat 5: DavSnook (€3.91 in chips) 
Seat 6: fakir laden (€1.37 in chips) 
RMOT100A: posts small blind €0.01
pipinoelbreve9: posts big blind €0.02
*** HOLE CARDS ***
Dealt to pipinoelbreve9 [6h 5s]
mcwilo: folds 
DavSnook: folds 
fakir laden: folds 
LLinusLLovefan: raises €0.03 to €0.05
RMOT100A: folds 
pipinoelbreve9: folds 
Uncalled bet (€0.03) returned to LLinusLLovefan
LLinusLLovefan collected €0.05 from pot
LLinusLLovefan: doesn't show hand 
*** SUMMARY ***
Total pot €0.05 | Rake €0 
Seat 1: LLinusLLovefan (button) collected (€0.05)
Seat 2: RMOT100A (small blind) folded before Flop
Seat 3: pipinoelbreve9 (big blind) folded before Flop
Seat 4: mcwilo folded before Flop (didn't bet)
Seat 5: DavSnook folded before Flop (didn't bet)
Seat 6: fakir laden folded before Flop (didn't bet)



PokerStars Zoom Hand #258044324325:  Hold'em No Limit (€0.01/€0.02) - 2025/10/08 12:18:49 CET [2025/10/08 6:18:49 ET]
Table 'Arneb' 6-max Seat #1 is the button
Seat 1: pipinoelbreve9 (€2 in chips) 
Seat 2: LLinusLLovefan (€2.03 in chips) 
Seat 3: Fran62j (€2.85 in chips) 
Seat 4: anonimo336 (€4.15 in chips) 
Seat 5: JotaPe333 (€3.34 in chips) 
Seat 6: rejo1965 (€2.10 in chips) 
LLinusLLovefan: posts small blind €0.01
Fran62j: posts big blind €0.02
*** HOLE CARDS ***
Dealt to pipinoelbreve9 [Jd 2d]
anonimo336: raises €0.02 to €0.04
JotaPe333: folds 
rejo1965: folds 
pipinoelbreve9: folds 
LLinusLLovefan: folds 
Fran62j: folds 
Uncalled bet (€0.02) returned to anonimo336
anonimo336 collected €0.05 from pot
anonimo336: doesn't show hand 
*** SUMMARY ***
Total pot €0.05 | Rake €0 
Seat 1: pipinoelbreve9 (button) folded before Flop (didn't bet)
Seat 2: LLinusLLovefan (small blind) folded before Flop
Seat 3: Fran62j (big blind) folded before Flop
Seat 4: anonimo336 collected (€0.05)
Seat 5: JotaPe333 folded before Flop (didn't bet)
Seat 6: rejo1965 folded before Flop (didn't bet)



