PokerStars Zoom Hand #257673421793:  Hold'em No Limit (€0.01/€0.02) - 2025/09/09 14:25:16 CET [2025/09/09 8:25:16 ET]
Table 'Arneb' 6-max Seat #1 is the button
Seat 1: Docteur_Farmer (€2.40 in chips) 
Seat 2: eer_miguee (€2.25 in chips) 
Seat 3: pipinoelbreve9 (€2 in chips) 
Seat 4: Unprobleme (€2.32 in chips) 
Seat 5: MDKristian (€3.31 in chips) 
Seat 6: Siddharta33 (€1 in chips) 
eer_miguee: posts small blind €0.01
pipinoelbreve9: posts big blind €0.02
*** HOLE CARDS ***
Dealt to pipinoelbreve9 [Jc 9c]
Unprobleme: folds 
MDKristian: raises €0.04 to €0.06
Siddharta33: folds 
Docteur_Farmer: folds 
eer_miguee: folds 
pipinoelbreve9: calls €0.04
*** FLOP *** [6s 2d Ad]
pipinoelbreve9: checks 
MDKristian: bets €0.12
pipinoelbreve9: folds 
Uncalled bet (€0.12) returned to MDKristian
MDKristian collected €0.12 from pot
MDKristian: doesn't show hand 
*** SUMMARY ***
Total pot €0.13 | Rake €0.01 
Board [6s 2d Ad]
Seat 1: Docteur_Farmer (button) folded before Flop (didn't bet)
Seat 2: eer_miguee (small blind) folded before Flop
Seat 3: pipinoelbreve9 (big blind) folded on the Flop
Seat 4: Unprobleme folded before Flop (didn't bet)
Seat 5: MDKristian collected (€0.12)
Seat 6: Siddharta33 folded before Flop (didn't bet)



PokerStars Zoom Hand #257673424848:  Hold'em No Limit (€0.01/€0.02) - 2025/09/09 14:25:41 CET [2025/09/09 8:25:41 ET]
Table 'Arneb' 6-max Seat #1 is the button
Seat 1: eer_miguee (€2.14 in chips) 
Seat 2: pipinoelbreve9 (€2 in chips) 
Seat 3: MDKristian (€2.29 in chips) 
Seat 4: Utusuchaz (€3.78 in chips) 
Seat 5: Crubiov_1978 (€2.84 in chips) 
Seat 6: Siddharta33 (€1 in chips) 
pipinoelbreve9: posts small blind €0.01
MDKristian: posts big blind €0.02
*** HOLE CARDS ***
Dealt to pipinoelbreve9 [5c 5s]
Utusuchaz: folds 
Crubiov_1978: folds 
Siddharta33: folds 
eer_miguee: folds 
pipinoelbreve9: raises €0.04 to €0.06
MDKristian: folds 
Uncalled bet (€0.04) returned to pipinoelbreve9
pipinoelbreve9 collected €0.04 from pot
pipinoelbreve9: doesn't show hand 
*** SUMMARY ***
Total pot €0.04 | Rake €0 
Seat 1: eer_miguee (button) folded before Flop (didn't bet)
Seat 2: pipinoelbreve9 (small blind) collected (€0.04)
Seat 3: MDKristian (big blind) folded before Flop
Seat 4: Utusuchaz folded before Flop (didn't bet)
Seat 5: Crubiov_1978 folded before Flop (didn't bet)
Seat 6: Siddharta33 folded before Flop (didn't bet)



PokerStars Zoom Hand #257673428575:  Hold'em No Limit (€0.01/€0.02) - 2025/09/09 14:26:11 CET [2025/09/09 8:26:11 ET]
Table 'Arneb' 6-max Seat #1 is the button
Seat 1: eer_miguee (€2.33 in chips) 
Seat 2: kombei63 (€1.73 in chips) 
Seat 3: MDKristian (€2 in chips) 
Seat 4: lngk852305 (€1.91 in chips) 
Seat 5: FllanosB (€1.36 in chips) 
Seat 6: pipinoelbreve9 (€2.02 in chips) 
kombei63: posts small blind €0.01
MDKristian: posts big blind €0.02
*** HOLE CARDS ***
Dealt to pipinoelbreve9 [9s 8c]
lngk852305: folds 
FllanosB: folds 
pipinoelbreve9: folds 
eer_miguee: raises €0.04 to €0.06
kombei63: folds 
MDKristian: folds 
Uncalled bet (€0.04) returned to eer_miguee
eer_miguee collected €0.05 from pot
eer_miguee: doesn't show hand 
*** SUMMARY ***
Total pot €0.05 | Rake €0 
Seat 1: eer_miguee (button) collected (€0.05)
Seat 2: kombei63 (small blind) folded before Flop
Seat 3: MDKristian (big blind) folded before Flop
Seat 4: lngk852305 folded before Flop (didn't bet)
Seat 5: FllanosB folded before Flop (didn't bet)
Seat 6: pipinoelbreve9 folded before Flop (didn't bet)



PokerStars Zoom Hand #257673426643:  Hold'em No Limit (€0.01/€0.02) - 2025/09/09 14:25:56 CET [2025/09/09 8:25:56 ET]
Table 'Arneb' 6-max Seat #1 is the button
Seat 1: pipinoelbreve9 (€2.02 in chips) 
Seat 2: Docteur_Farmer (€2.41 in chips) 
Seat 3: Siddharta33 (€1 in chips) 
Seat 4: MDKristian (€2.27 in chips) 
Seat 5: lililatarot (€1.80 in chips) 
Seat 6: lngk852305 (€1.86 in chips) 
Docteur_Farmer: posts small blind €0.01
Siddharta33: posts big blind €0.02
*** HOLE CARDS ***
Dealt to pipinoelbreve9 [4h Ad]
MDKristian: folds 
lililatarot: calls €0.02
lngk852305: raises €0.04 to €0.06
pipinoelbreve9: folds 
Docteur_Farmer: folds 
Siddharta33: folds 
lililatarot: calls €0.04
*** FLOP *** [3d 2c Qs]
lililatarot: checks 
lngk852305: bets €0.07
lililatarot: folds 
Uncalled bet (€0.07) returned to lngk852305
lngk852305 collected €0.14 from pot
lngk852305: doesn't show hand 
*** SUMMARY ***
Total pot €0.15 | Rake €0.01 
Board [3d 2c Qs]
Seat 1: pipinoelbreve9 (button) folded before Flop (didn't bet)
Seat 2: Docteur_Farmer (small blind) folded before Flop
Seat 3: Siddharta33 (big blind) folded before Flop
Seat 4: MDKristian folded before Flop (didn't bet)
Seat 5: lililatarot folded on the Flop
Seat 6: lngk852305 collected (€0.14)



PokerStars Zoom Hand #257673429896:  Hold'em No Limit (€0.01/€0.02) - 2025/09/09 14:26:22 CET [2025/09/09 8:26:22 ET]
Table 'Arneb' 6-max Seat #1 is the button
Seat 1: pipinoelbreve9 (€2.02 in chips) 
Seat 2: goldorak5774 (€2.12 in chips) 
Seat 3: FllanosB (€2 in chips) 
Seat 4: kombei63 (€1.72 in chips) 
Seat 5: Tyrandes4pattes (€7.46 in chips) 
Seat 6: MDKristian (€2 in chips) 
goldorak5774: posts small blind €0.01
FllanosB: posts big blind €0.02
*** HOLE CARDS ***
Dealt to pipinoelbreve9 [Qh 9c]
kombei63: folds 
Tyrandes4pattes: folds 
MDKristian: folds 
pipinoelbreve9: raises €0.04 to €0.06
goldorak5774: folds 
FllanosB: folds 
Uncalled bet (€0.04) returned to pipinoelbreve9
pipinoelbreve9 collected €0.05 from pot
pipinoelbreve9: doesn't show hand 
*** SUMMARY ***
Total pot €0.05 | Rake €0 
Seat 1: pipinoelbreve9 (button) collected (€0.05)
Seat 2: goldorak5774 (small blind) folded before Flop
Seat 3: FllanosB (big blind) folded before Flop
Seat 4: kombei63 folded before Flop (didn't bet)
Seat 5: Tyrandes4pattes folded before Flop (didn't bet)
Seat 6: MDKristian folded before Flop (didn't bet)



PokerStars Zoom Hand #257673431157:  Hold'em No Limit (€0.01/€0.02) - 2025/09/09 14:26:32 CET [2025/09/09 8:26:32 ET]
Table 'Arneb' 6-max Seat #1 is the button
Seat 1: guizzado16 (€1.93 in chips) 
Seat 2: MDKristian (€2.23 in chips) 
Seat 3: Dood Francisco (€2.24 in chips) 
Seat 4: lngk852305 (€1.94 in chips) 
Seat 5: pipinoelbreve9 (€2.05 in chips) 
Seat 6: Diamondsdogs (€4.08 in chips) 
MDKristian: posts small blind €0.01
Dood Francisco: posts big blind €0.02
*** HOLE CARDS ***
Dealt to pipinoelbreve9 [8h 6c]
lngk852305: folds 
pipinoelbreve9: folds 
Diamondsdogs: folds 
guizzado16: folds 
MDKristian: folds 
Uncalled bet (€0.01) returned to Dood Francisco
Dood Francisco collected €0.02 from pot
Dood Francisco: doesn't show hand 
*** SUMMARY ***
Total pot €0.02 | Rake €0 
Seat 1: guizzado16 (button) folded before Flop (didn't bet)
Seat 2: MDKristian (small blind) folded before Flop
Seat 3: Dood Francisco (big blind) collected (€0.02)
Seat 4: lngk852305 folded before Flop (didn't bet)
Seat 5: pipinoelbreve9 folded before Flop (didn't bet)
Seat 6: Diamondsdogs folded before Flop (didn't bet)



PokerStars Zoom Hand #257673431778:  Hold'em No Limit (€0.01/€0.02) - 2025/09/09 14:26:37 CET [2025/09/09 8:26:37 ET]
Table 'Arneb' 6-max Seat #1 is the button
Seat 1: Unprobleme (€2.29 in chips) 
Seat 2: Utusuchaz (€3.36 in chips) 
Seat 3: Tyrandes4pattes (€7.45 in chips) 
Seat 4: remiiiiiiii (€1.79 in chips) 
Seat 5: kombei63 (€1.72 in chips) 
Seat 6: pipinoelbreve9 (€2.05 in chips) 
Utusuchaz: posts small blind €0.01
Tyrandes4pattes: posts big blind €0.02
*** HOLE CARDS ***
Dealt to pipinoelbreve9 [7h 3s]
remiiiiiiii: folds 
kombei63: folds 
pipinoelbreve9: folds 
Unprobleme: folds 
Utusuchaz: folds 
Uncalled bet (€0.01) returned to Tyrandes4pattes
Tyrandes4pattes collected €0.02 from pot
Tyrandes4pattes: doesn't show hand 
*** SUMMARY ***
Total pot €0.02 | Rake €0 
Seat 1: Unprobleme (button) folded before Flop (didn't bet)
Seat 2: Utusuchaz (small blind) folded before Flop
Seat 3: Tyrandes4pattes (big blind) collected (€0.02)
Seat 4: remiiiiiiii folded before Flop (didn't bet)
Seat 5: kombei63 folded before Flop (didn't bet)
Seat 6: pipinoelbreve9 folded before Flop (didn't bet)



PokerStars Zoom Hand #257673433843:  Hold'em No Limit (€0.01/€0.02) - 2025/09/09 14:26:54 CET [2025/09/09 8:26:54 ET]
Table 'Arneb' 6-max Seat #1 is the button
Seat 1: lililatarot (€1.72 in chips) 
Seat 2: FAUCES (€2.83 in chips) 
Seat 3: goldorak5774 (€2.09 in chips) 
Seat 4: pipinoelbreve9 (€2.02 in chips) 
Seat 5: MDKristian (€2.22 in chips) 
Seat 6: Gonzalo_PB1 (€2.01 in chips) 
FAUCES: posts small blind €0.01
goldorak5774: posts big blind €0.02
*** HOLE CARDS ***
Dealt to pipinoelbreve9 [7h Ad]
pipinoelbreve9: folds 
MDKristian: folds 
Gonzalo_PB1: folds 
lililatarot: folds 
FAUCES: raises €0.04 to €0.06
goldorak5774: folds 
Uncalled bet (€0.04) returned to FAUCES
FAUCES collected €0.04 from pot
FAUCES: doesn't show hand 
*** SUMMARY ***
Total pot €0.04 | Rake €0 
Seat 1: lililatarot (button) folded before Flop (didn't bet)
Seat 2: FAUCES (small blind) collected (€0.04)
Seat 3: goldorak5774 (big blind) folded before Flop
Seat 4: pipinoelbreve9 folded before Flop (didn't bet)
Seat 5: MDKristian folded before Flop (didn't bet)
Seat 6: Gonzalo_PB1 folded before Flop (didn't bet)



PokerStars Zoom Hand #257673433413:  Hold'em No Limit (€0.01/€0.02) - 2025/09/09 14:26:50 CET [2025/09/09 8:26:50 ET]
Table 'Arneb' 6-max Seat #1 is the button
Seat 1: RCSA2 (€1.53 in chips) 
Seat 2: pipinoelbreve9 (€2.03 in chips) 
Seat 3: remiiiiiiii (€1.78 in chips) 
Seat 4: lililatarot (€1.72 in chips) 
Seat 5: lngk852305 (€2.87 in chips) 
Seat 6: Tyrandes4pattes (€7.46 in chips) 
pipinoelbreve9: posts small blind €0.01
remiiiiiiii: posts big blind €0.02
*** HOLE CARDS ***
Dealt to pipinoelbreve9 [7s 5h]
lililatarot: folds 
lngk852305: folds 
Tyrandes4pattes: folds 
RCSA2: folds 
pipinoelbreve9: folds 
Uncalled bet (€0.01) returned to remiiiiiiii
remiiiiiiii collected €0.02 from pot
remiiiiiiii: doesn't show hand 
*** SUMMARY ***
Total pot €0.02 | Rake €0 
Seat 1: RCSA2 (button) folded before Flop (didn't bet)
Seat 2: pipinoelbreve9 (small blind) folded before Flop
Seat 3: remiiiiiiii (big blind) collected (€0.02)
Seat 4: lililatarot folded before Flop (didn't bet)
Seat 5: lngk852305 folded before Flop (didn't bet)
Seat 6: Tyrandes4pattes folded before Flop (didn't bet)



PokerStars Zoom Hand #257673434856:  Hold'em No Limit (€0.01/€0.02) - 2025/09/09 14:27:03 CET [2025/09/09 8:27:03 ET]
Table 'Arneb' 6-max Seat #1 is the button
Seat 1: TheKaes (€4.86 in chips) 
Seat 2: lngk852305 (€1.92 in chips) 
Seat 3: chicodeslandes (€1.01 in chips) 
Seat 4: goldorak5774 (€2.07 in chips) 
Seat 5: pipinoelbreve9 (€2.02 in chips) 
Seat 6: RCSA2 (€1.53 in chips) 
lngk852305: posts small blind €0.01
chicodeslandes: posts big blind €0.02
*** HOLE CARDS ***
Dealt to pipinoelbreve9 [Kd Th]
goldorak5774: folds 
pipinoelbreve9: raises €0.04 to €0.06
RCSA2: folds 
TheKaes: folds 
lngk852305: folds 
chicodeslandes: folds 
Uncalled bet (€0.04) returned to pipinoelbreve9
pipinoelbreve9 collected €0.05 from pot
pipinoelbreve9: doesn't show hand 
*** SUMMARY ***
Total pot €0.05 | Rake €0 
Seat 1: TheKaes (button) folded before Flop (didn't bet)
Seat 2: lngk852305 (small blind) folded before Flop
Seat 3: chicodeslandes (big blind) folded before Flop
Seat 4: goldorak5774 folded before Flop (didn't bet)
Seat 5: pipinoelbreve9 collected (€0.05)
Seat 6: RCSA2 folded before Flop (didn't bet)



PokerStars Zoom Hand #257673432246:  Hold'em No Limit (€0.01/€0.02) - 2025/09/09 14:26:41 CET [2025/09/09 8:26:41 ET]
Table 'Arneb' 6-max Seat #1 is the button
Seat 1: proust50 (€2.38 in chips) 
Seat 2: kombei63 (€1.72 in chips) 
Seat 3: pipinoelbreve9 (€2.05 in chips) 
Seat 4: eer_miguee (€2 in chips) 
Seat 5: ranchim (€1.09 in chips) 
Seat 6: MDKristian (€2.22 in chips) 
kombei63: posts small blind €0.01
pipinoelbreve9: posts big blind €0.02
*** HOLE CARDS ***
Dealt to pipinoelbreve9 [5d 9h]
eer_miguee: raises €0.04 to €0.06
ranchim: raises €0.04 to €0.10
MDKristian: folds 
proust50: folds 
kombei63: folds 
pipinoelbreve9: folds 
eer_miguee: calls €0.04
*** FLOP *** [8s Js Jc]
eer_miguee: checks 
ranchim: bets €0.11
eer_miguee: calls €0.11
*** TURN *** [8s Js Jc] [5h]
eer_miguee: checks 
ranchim: checks 
*** RIVER *** [8s Js Jc 5h] [6c]
eer_miguee: bets €0.22
ranchim: folds 
Uncalled bet (€0.22) returned to eer_miguee
eer_miguee collected €0.43 from pot
eer_miguee: doesn't show hand 
*** SUMMARY ***
Total pot €0.45 | Rake €0.02 
Board [8s Js Jc 5h 6c]
Seat 1: proust50 (button) folded before Flop (didn't bet)
Seat 2: kombei63 (small blind) folded before Flop
Seat 3: pipinoelbreve9 (big blind) folded before Flop
Seat 4: eer_miguee collected (€0.43)
Seat 5: ranchim folded on the River
Seat 6: MDKristian folded before Flop (didn't bet)



PokerStars Zoom Hand #257673437048:  Hold'em No Limit (€0.01/€0.02) - 2025/09/09 14:27:20 CET [2025/09/09 8:27:20 ET]
Table 'Arneb' 6-max Seat #1 is the button
Seat 1: Diamondsdogs (€13.20 in chips) 
Seat 2: pipinoelbreve9 (€2.05 in chips) 
Seat 3: MDKristian (€2 in chips) 
Seat 4: goldorak5774 (€2.06 in chips) 
Seat 5: TheKaes (€4.84 in chips) 
Seat 6: Tyrandes4pattes (€2.03 in chips) 
pipinoelbreve9: posts small blind €0.01
MDKristian: posts big blind €0.02
*** HOLE CARDS ***
Dealt to pipinoelbreve9 [4h Jd]
goldorak5774: folds 
TheKaes: raises €0.02 to €0.04
Tyrandes4pattes: folds 
Diamondsdogs: folds 
pipinoelbreve9: folds 
MDKristian: folds 
Uncalled bet (€0.02) returned to TheKaes
TheKaes collected €0.05 from pot
TheKaes: doesn't show hand 
*** SUMMARY ***
Total pot €0.05 | Rake €0 
Seat 1: Diamondsdogs (button) folded before Flop (didn't bet)
Seat 2: pipinoelbreve9 (small blind) folded before Flop
Seat 3: MDKristian (big blind) folded before Flop
Seat 4: goldorak5774 folded before Flop (didn't bet)
Seat 5: TheKaes collected (€0.05)
Seat 6: Tyrandes4pattes folded before Flop (didn't bet)



PokerStars Zoom Hand #257673436535:  Hold'em No Limit (€0.01/€0.02) - 2025/09/09 14:27:16 CET [2025/09/09 8:27:16 ET]
Table 'Arneb' 6-max Seat #1 is the button
Seat 1: Utusuchaz (€4.02 in chips) 
Seat 2: Xoseanro510 (€2.63 in chips) 
Seat 3: ranchim (€0.88 in chips) 
Seat 4: pipinoelbreve9 (€2.05 in chips) 
Seat 5: 10Ara (€1.64 in chips) 
Seat 6: combinius1 (€3.05 in chips) 
Xoseanro510: posts small blind €0.01
ranchim: posts big blind €0.02
*** HOLE CARDS ***
Dealt to pipinoelbreve9 [Kh 4c]
pipinoelbreve9: folds 
10Ara: raises €0.04 to €0.06
combinius1: folds 
Utusuchaz: folds 
Xoseanro510: folds 
ranchim: folds 
Uncalled bet (€0.04) returned to 10Ara
10Ara collected €0.05 from pot
10Ara: doesn't show hand 
*** SUMMARY ***
Total pot €0.05 | Rake €0 
Seat 1: Utusuchaz (button) folded before Flop (didn't bet)
Seat 2: Xoseanro510 (small blind) folded before Flop
Seat 3: ranchim (big blind) folded before Flop
Seat 4: pipinoelbreve9 folded before Flop (didn't bet)
Seat 5: 10Ara collected (€0.05)
Seat 6: combinius1 folded before Flop (didn't bet)



PokerStars Zoom Hand #257673438083:  Hold'em No Limit (€0.01/€0.02) - 2025/09/09 14:27:28 CET [2025/09/09 8:27:28 ET]
Table 'Arneb' 6-max Seat #1 is the button
Seat 1: combinius1 (€3.04 in chips) 
Seat 2: Utusuchaz (€4.02 in chips) 
Seat 3: pipinoelbreve9 (€2.04 in chips) 
Seat 4: eer_miguee (€2.43 in chips) 
Seat 5: rccmonteiro27 (€4.88 in chips) 
Seat 6: gateunas (€1.95 in chips) 
Utusuchaz: posts small blind €0.01
pipinoelbreve9: posts big blind €0.02
*** HOLE CARDS ***
Dealt to pipinoelbreve9 [5h Qc]
eer_miguee: folds 
rccmonteiro27: folds 
gateunas: folds 
combinius1: folds 
Utusuchaz: folds 
Uncalled bet (€0.01) returned to pipinoelbreve9
pipinoelbreve9 collected €0.02 from pot
pipinoelbreve9: doesn't show hand 
*** SUMMARY ***
Total pot €0.02 | Rake €0 
Seat 1: combinius1 (button) folded before Flop (didn't bet)
Seat 2: Utusuchaz (small blind) folded before Flop
Seat 3: pipinoelbreve9 (big blind) collected (€0.02)
Seat 4: eer_miguee folded before Flop (didn't bet)
Seat 5: rccmonteiro27 folded before Flop (didn't bet)
Seat 6: gateunas folded before Flop (didn't bet)



PokerStars Zoom Hand #257673439057:  Hold'em No Limit (€0.01/€0.02) - 2025/09/09 14:27:37 CET [2025/09/09 8:27:37 ET]
Table 'Arneb' 6-max Seat #1 is the button
Seat 1: pipinoelbreve9 (€2.05 in chips) 
Seat 2: remiiiiiiii (€1.77 in chips) 
Seat 3: Siddharta33 (€1.91 in chips) 
Seat 4: pzjohn (€1.73 in chips) 
Seat 5: lngk852305 (€1.94 in chips) 
Seat 6: Utusuchaz (€4.01 in chips) 
remiiiiiiii: posts small blind €0.01
Siddharta33: posts big blind €0.02
*** HOLE CARDS ***
Dealt to pipinoelbreve9 [Qc 4d]
pzjohn: folds 
lngk852305: raises €0.04 to €0.06
Utusuchaz: folds 
pipinoelbreve9: folds 
remiiiiiiii: folds 
Siddharta33: folds 
Uncalled bet (€0.04) returned to lngk852305
lngk852305 collected €0.05 from pot
lngk852305: doesn't show hand 
*** SUMMARY ***
Total pot €0.05 | Rake €0 
Seat 1: pipinoelbreve9 (button) folded before Flop (didn't bet)
Seat 2: remiiiiiiii (small blind) folded before Flop
Seat 3: Siddharta33 (big blind) folded before Flop
Seat 4: pzjohn folded before Flop (didn't bet)
Seat 5: lngk852305 collected (€0.05)
Seat 6: Utusuchaz folded before Flop (didn't bet)



PokerStars Zoom Hand #257673440548:  Hold'em No Limit (€0.01/€0.02) - 2025/09/09 14:27:49 CET [2025/09/09 8:27:49 ET]
Table 'Arneb' 6-max Seat #1 is the button
Seat 1: eer_miguee (€2.19 in chips) 
Seat 2: Tyrandes4pattes (€7.52 in chips) 
Seat 3: remiiiiiiii (€1.76 in chips) 
Seat 4: pzjohn (€1.32 in chips) 
Seat 5: Siddharta33 (€1.89 in chips) 
Seat 6: pipinoelbreve9 (€2.05 in chips) 
Tyrandes4pattes: posts small blind €0.01
remiiiiiiii: posts big blind €0.02
*** HOLE CARDS ***
Dealt to pipinoelbreve9 [5c 3d]
pzjohn: folds 
Siddharta33: folds 
pipinoelbreve9: folds 
eer_miguee: folds 
Tyrandes4pattes: folds 
Uncalled bet (€0.01) returned to remiiiiiiii
remiiiiiiii collected €0.02 from pot
remiiiiiiii: doesn't show hand 
*** SUMMARY ***
Total pot €0.02 | Rake €0 
Seat 1: eer_miguee (button) folded before Flop (didn't bet)
Seat 2: Tyrandes4pattes (small blind) folded before Flop
Seat 3: remiiiiiiii (big blind) collected (€0.02)
Seat 4: pzjohn folded before Flop (didn't bet)
Seat 5: Siddharta33 folded before Flop (didn't bet)
Seat 6: pipinoelbreve9 folded before Flop (didn't bet)



PokerStars Zoom Hand #257673440848:  Hold'em No Limit (€0.01/€0.02) - 2025/09/09 14:27:51 CET [2025/09/09 8:27:51 ET]
Table 'Arneb' 6-max Seat #1 is the button
Seat 1: MDKristian (€2 in chips) 
Seat 2: chicodeslandes (€0.96 in chips) 
Seat 3: pipinoelbreve9 (€2.05 in chips) 
Seat 4: lngk852305 (€1.97 in chips) 
Seat 5: Gonzalo_PB1 (€1.99 in chips) 
Seat 6: Tyrandes4pattes (€7.51 in chips) 
chicodeslandes: posts small blind €0.01
pipinoelbreve9: posts big blind €0.02
*** HOLE CARDS ***
Dealt to pipinoelbreve9 [6d Qc]
lngk852305: folds 
Gonzalo_PB1: folds 
Tyrandes4pattes: folds 
MDKristian: folds 
chicodeslandes: folds 
Uncalled bet (€0.01) returned to pipinoelbreve9
pipinoelbreve9 collected €0.02 from pot
pipinoelbreve9: doesn't show hand 
*** SUMMARY ***
Total pot €0.02 | Rake €0 
Seat 1: MDKristian (button) folded before Flop (didn't bet)
Seat 2: chicodeslandes (small blind) folded before Flop
Seat 3: pipinoelbreve9 (big blind) collected (€0.02)
Seat 4: lngk852305 folded before Flop (didn't bet)
Seat 5: Gonzalo_PB1 folded before Flop (didn't bet)
Seat 6: Tyrandes4pattes folded before Flop (didn't bet)



PokerStars Zoom Hand #257673442501:  Hold'em No Limit (€0.01/€0.02) - 2025/09/09 14:28:05 CET [2025/09/09 8:28:05 ET]
Table 'Arneb' 6-max Seat #1 is the button
Seat 1: pipinoelbreve9 (€2.06 in chips) 
Seat 2: kombei63 (€1.74 in chips) 
Seat 3: Xoseanro510 (€2.62 in chips) 
Seat 4: upapapipis (€1.22 in chips) 
Seat 5: Siddharta33 (€1 in chips) 
Seat 6: Utusuchaz (€3.57 in chips) 
kombei63: posts small blind €0.01
Xoseanro510: posts big blind €0.02
*** HOLE CARDS ***
Dealt to pipinoelbreve9 [5d Qc]
upapapipis: folds 
Siddharta33: folds 
Utusuchaz: folds 
pipinoelbreve9: folds 
kombei63: folds 
Uncalled bet (€0.01) returned to Xoseanro510
Xoseanro510 collected €0.02 from pot
Xoseanro510: doesn't show hand 
*** SUMMARY ***
Total pot €0.02 | Rake €0 
Seat 1: pipinoelbreve9 (button) folded before Flop (didn't bet)
Seat 2: kombei63 (small blind) folded before Flop
Seat 3: Xoseanro510 (big blind) collected (€0.02)
Seat 4: upapapipis folded before Flop (didn't bet)
Seat 5: Siddharta33 folded before Flop (didn't bet)
Seat 6: Utusuchaz folded before Flop (didn't bet)



PokerStars Zoom Hand #257673439676:  Hold'em No Limit (€0.01/€0.02) - 2025/09/09 14:27:42 CET [2025/09/09 8:27:42 ET]
Table 'Arneb' 6-max Seat #1 is the button
Seat 1: remiiiiiiii (€1.76 in chips) 
Seat 2: FAUCES (€2.94 in chips) 
Seat 3: RCSA2 (€1.92 in chips) 
Seat 4: Utusuchaz (€4.01 in chips) 
Seat 5: MDKristian (€2.66 in chips) 
Seat 6: pipinoelbreve9 (€2.05 in chips) 
FAUCES: posts small blind €0.01
RCSA2: posts big blind €0.02
*** HOLE CARDS ***
Dealt to pipinoelbreve9 [3h 7d]
Utusuchaz: raises €0.03 to €0.05
MDKristian: raises €0.07 to €0.12
pipinoelbreve9: folds 
remiiiiiiii: folds 
FAUCES: folds 
RCSA2: calls €0.10
Utusuchaz: calls €0.07
*** FLOP *** [8s Kc 8c]
RCSA2: checks 
Utusuchaz: checks 
MDKristian: bets €0.35
RCSA2: calls €0.35
Utusuchaz: folds 
*** TURN *** [8s Kc 8c] [5s]
RCSA2: checks 
MDKristian: bets €0.77
RCSA2: calls €0.77
*** RIVER *** [8s Kc 8c 5s] [3d]
RCSA2: checks 
MDKristian: bets €1.42 and is all-in
RCSA2: folds 
Uncalled bet (€1.42) returned to MDKristian
MDKristian collected €2.48 from pot
MDKristian: doesn't show hand 
*** SUMMARY ***
Total pot €2.61 | Rake €0.13 
Board [8s Kc 8c 5s 3d]
Seat 1: remiiiiiiii (button) folded before Flop (didn't bet)
Seat 2: FAUCES (small blind) folded before Flop
Seat 3: RCSA2 (big blind) folded on the River
Seat 4: Utusuchaz folded on the Flop
Seat 5: MDKristian collected (€2.48)
Seat 6: pipinoelbreve9 folded before Flop (didn't bet)



PokerStars Zoom Hand #257673443366:  Hold'em No Limit (€0.01/€0.02) - 2025/09/09 14:28:12 CET [2025/09/09 8:28:12 ET]
Table 'Arneb' 6-max Seat #1 is the button
Seat 1: Siddharta33 (€1.06 in chips) 
Seat 2: pipinoelbreve9 (€2.06 in chips) 
Seat 3: proust50 (€2.28 in chips) 
Seat 4: eer_miguee (€2.19 in chips) 
Seat 5: Utusuchaz (€3.57 in chips) 
Seat 6: RCSA2 (€2.95 in chips) 
pipinoelbreve9: posts small blind €0.01
proust50: posts big blind €0.02
*** HOLE CARDS ***
Dealt to pipinoelbreve9 [Qc Kh]
eer_miguee: folds 
Utusuchaz: folds 
RCSA2: folds 
Siddharta33: folds 
pipinoelbreve9: raises €0.04 to €0.06
proust50: folds 
Uncalled bet (€0.04) returned to pipinoelbreve9
pipinoelbreve9 collected €0.04 from pot
pipinoelbreve9: doesn't show hand 
*** SUMMARY ***
Total pot €0.04 | Rake €0 
Seat 1: Siddharta33 (button) folded before Flop (didn't bet)
Seat 2: pipinoelbreve9 (small blind) collected (€0.04)
Seat 3: proust50 (big blind) folded before Flop
Seat 4: eer_miguee folded before Flop (didn't bet)
Seat 5: Utusuchaz folded before Flop (didn't bet)
Seat 6: RCSA2 folded before Flop (didn't bet)



PokerStars Zoom Hand #257673444690:  Hold'em No Limit (€0.01/€0.02) - 2025/09/09 14:28:23 CET [2025/09/09 8:28:23 ET]
Table 'Arneb' 6-max Seat #1 is the button
Seat 1: lngk852305 (€1.82 in chips) 
Seat 2: ranchim (€1.14 in chips) 
Seat 3: upapapipis (€1.22 in chips) 
Seat 4: Siddharta33 (€1.83 in chips) 
Seat 5: pipinoelbreve9 (€2.08 in chips) 
Seat 6: Utusuchaz (€2.22 in chips) 
ranchim: posts small blind €0.01
upapapipis: posts big blind €0.02
*** HOLE CARDS ***
Dealt to pipinoelbreve9 [Jc Js]
Siddharta33: folds 
pipinoelbreve9: raises €0.04 to €0.06
Utusuchaz: folds 
lngk852305: folds 
ranchim: folds 
upapapipis: folds 
Uncalled bet (€0.04) returned to pipinoelbreve9
pipinoelbreve9 collected €0.05 from pot
pipinoelbreve9: doesn't show hand 
*** SUMMARY ***
Total pot €0.05 | Rake €0 
Seat 1: lngk852305 (button) folded before Flop (didn't bet)
Seat 2: ranchim (small blind) folded before Flop
Seat 3: upapapipis (big blind) folded before Flop
Seat 4: Siddharta33 folded before Flop (didn't bet)
Seat 5: pipinoelbreve9 collected (€0.05)
Seat 6: Utusuchaz folded before Flop (didn't bet)



PokerStars Zoom Hand #257673440134:  Hold'em No Limit (€0.01/€0.02) - 2025/09/09 14:27:45 CET [2025/09/09 8:27:45 ET]
Table 'Arneb' 6-max Seat #1 is the button
Seat 1: FAUCES (€2.93 in chips) 
Seat 2: TheKaes (€4.87 in chips) 
Seat 3: Siddharta33 (€1.08 in chips) 
Seat 4: pipinoelbreve9 (€2.05 in chips) 
Seat 5: remiiiiiiii (€1.76 in chips) 
Seat 6: morganlee66 (€3.81 in chips) 
TheKaes: posts small blind €0.01
Siddharta33: posts big blind €0.02
*** HOLE CARDS ***
Dealt to pipinoelbreve9 [Ac 6h]
pipinoelbreve9: folds 
remiiiiiiii: folds 
morganlee66: calls €0.02
FAUCES: raises €0.04 to €0.06
TheKaes: raises €0.11 to €0.17
Siddharta33: folds 
morganlee66: folds 
FAUCES: calls €0.11
*** FLOP *** [4d As 5s]
TheKaes: bets €0.13
FAUCES: calls €0.13
*** TURN *** [4d As 5s] [2c]
TheKaes: checks 
FAUCES: bets €0.61
TheKaes: calls €0.61
*** RIVER *** [4d As 5s 2c] [7s]
TheKaes: checks 
FAUCES: checks 
*** SHOW DOWN ***
TheKaes: shows [Ad Td] (a pair of Aces)
FAUCES: mucks hand 
TheKaes collected €1.77 from pot
*** SUMMARY ***
Total pot €1.86 | Rake €0.09 
Board [4d As 5s 2c 7s]
Seat 1: FAUCES (button) mucked [Ah 8h]
Seat 2: TheKaes (small blind) showed [Ad Td] and won (€1.77) with a pair of Aces
Seat 3: Siddharta33 (big blind) folded before Flop
Seat 4: pipinoelbreve9 folded before Flop (didn't bet)
Seat 5: remiiiiiiii folded before Flop (didn't bet)
Seat 6: morganlee66 folded before Flop



PokerStars Zoom Hand #257673447390:  Hold'em No Limit (€0.01/€0.02) - 2025/09/09 14:28:44 CET [2025/09/09 8:28:44 ET]
Table 'Arneb' 6-max Seat #1 is the button
Seat 1: lngk852305 (€1.94 in chips) 
Seat 2: Diamondsdogs (€4.45 in chips) 
Seat 3: ranchim (€1.13 in chips) 
Seat 4: Siddharta33 (€1.05 in chips) 
Seat 5: pipinoelbreve9 (€2.11 in chips) 
Seat 6: kombei63 (€1.73 in chips) 
Diamondsdogs: posts small blind €0.01
ranchim: posts big blind €0.02
*** HOLE CARDS ***
Dealt to pipinoelbreve9 [9s 4h]
Siddharta33: folds 
pipinoelbreve9: folds 
kombei63: folds 
lngk852305: folds 
Diamondsdogs: raises €0.04 to €0.06
ranchim: raises €1.07 to €1.13 and is all-in
Diamondsdogs: folds 
Uncalled bet (€1.07) returned to ranchim
ranchim collected €0.12 from pot
ranchim: doesn't show hand 
*** SUMMARY ***
Total pot €0.12 | Rake €0 
Seat 1: lngk852305 (button) folded before Flop (didn't bet)
Seat 2: Diamondsdogs (small blind) folded before Flop
Seat 3: ranchim (big blind) collected (€0.12)
Seat 4: Siddharta33 folded before Flop (didn't bet)
Seat 5: pipinoelbreve9 folded before Flop (didn't bet)
Seat 6: kombei63 folded before Flop (didn't bet)



PokerStars Zoom Hand #257673447805:  Hold'em No Limit (€0.01/€0.02) - 2025/09/09 14:28:48 CET [2025/09/09 8:28:48 ET]
Table 'Arneb' 6-max Seat #1 is the button
Seat 1: HGrenha (€1.83 in chips) 
Seat 2: Utusuchaz (€2.20 in chips) 
Seat 3: pipinoelbreve9 (€2.11 in chips) 
Seat 4: kombei63 (€1.73 in chips) 
Seat 5: MDKristian (€2 in chips) 
Seat 6: Tyrandes4pattes (€7.45 in chips) 
Utusuchaz: posts small blind €0.01
pipinoelbreve9: posts big blind €0.02
*** HOLE CARDS ***
Dealt to pipinoelbreve9 [Kh 9h]
kombei63: folds 
MDKristian: folds 
Tyrandes4pattes: folds 
HGrenha has timed out
HGrenha: folds 
Utusuchaz: raises €0.04 to €0.06
pipinoelbreve9: calls €0.04
*** FLOP *** [Kd 6h 7d]
Utusuchaz: checks 
pipinoelbreve9: bets €0.06
Utusuchaz: raises €0.14 to €0.20
pipinoelbreve9: calls €0.14
*** TURN *** [Kd 6h 7d] [Tc]
Utusuchaz: bets €0.25
pipinoelbreve9: calls €0.25
*** RIVER *** [Kd 6h 7d Tc] [3h]
Utusuchaz: bets €0.49
pipinoelbreve9: calls €0.49
*** SHOW DOWN ***
Utusuchaz: shows [Ks 7s] (two pair, Kings and Sevens)
pipinoelbreve9: mucks hand 
Utusuchaz collected €1.90 from pot
*** SUMMARY ***
Total pot €2 | Rake €0.10 
Board [Kd 6h 7d Tc 3h]
Seat 1: HGrenha (button) folded before Flop (didn't bet)
Seat 2: Utusuchaz (small blind) showed [Ks 7s] and won (€1.90) with two pair, Kings and Sevens
Seat 3: pipinoelbreve9 (big blind) mucked [Kh 9h]
Seat 4: kombei63 folded before Flop (didn't bet)
Seat 5: MDKristian folded before Flop (didn't bet)
Seat 6: Tyrandes4pattes folded before Flop (didn't bet)



PokerStars Zoom Hand #257673459563:  Hold'em No Limit (€0.01/€0.02) - 2025/09/09 14:30:23 CET [2025/09/09 8:30:23 ET]
Table 'Arneb' 6-max Seat #1 is the button
Seat 1: pipinoelbreve9 (€2 in chips) 
Seat 2: Siddharta33 (€1 in chips) 
Seat 3: kombei63 (€1.37 in chips) 
Seat 4: javilokillo3 (€2.41 in chips) 
Seat 5: MDKristian (€2.07 in chips) 
Seat 6: Utusuchaz (€3.10 in chips) 
Siddharta33: posts small blind €0.01
kombei63: posts big blind €0.02
*** HOLE CARDS ***
Dealt to pipinoelbreve9 [Kh 8s]
javilokillo3: folds 
MDKristian: folds 
Utusuchaz: folds 
pipinoelbreve9: raises €0.04 to €0.06
Siddharta33: folds 
kombei63: folds 
Uncalled bet (€0.04) returned to pipinoelbreve9
pipinoelbreve9 collected €0.05 from pot
pipinoelbreve9: doesn't show hand 
*** SUMMARY ***
Total pot €0.05 | Rake €0 
Seat 1: pipinoelbreve9 (button) collected (€0.05)
Seat 2: Siddharta33 (small blind) folded before Flop
Seat 3: kombei63 (big blind) folded before Flop
Seat 4: javilokillo3 folded before Flop (didn't bet)
Seat 5: MDKristian folded before Flop (didn't bet)
Seat 6: Utusuchaz folded before Flop (didn't bet)



PokerStars Zoom Hand #257673461563:  Hold'em No Limit (€0.01/€0.02) - 2025/09/09 14:30:39 CET [2025/09/09 8:30:39 ET]
Table 'Arneb' 6-max Seat #1 is the button
Seat 1: eer_miguee (€2 in chips) 
Seat 2: proust50 (€2.71 in chips) 
Seat 3: goldorak5774 (€3.68 in chips) 
Seat 4: FllanosB (€1.79 in chips) 
Seat 5: MDKristian (€2 in chips) 
Seat 6: pipinoelbreve9 (€2.03 in chips) 
proust50: posts small blind €0.01
goldorak5774: posts big blind €0.02
*** HOLE CARDS ***
Dealt to pipinoelbreve9 [Jc Ts]
FllanosB: folds 
MDKristian: raises €0.02 to €0.04
pipinoelbreve9: folds 
eer_miguee: folds 
proust50: calls €0.03
goldorak5774: folds 
*** FLOP *** [Jd 9s 2d]
proust50: checks 
MDKristian: checks 
*** TURN *** [Jd 9s 2d] [Ah]
proust50: bets €0.08
MDKristian: folds 
Uncalled bet (€0.08) returned to proust50
proust50 collected €0.10 from pot
proust50: doesn't show hand 
*** SUMMARY ***
Total pot €0.10 | Rake €0 
Board [Jd 9s 2d Ah]
Seat 1: eer_miguee (button) folded before Flop (didn't bet)
Seat 2: proust50 (small blind) collected (€0.10)
Seat 3: goldorak5774 (big blind) folded before Flop
Seat 4: FllanosB folded before Flop (didn't bet)
Seat 5: MDKristian folded on the Turn
Seat 6: pipinoelbreve9 folded before Flop (didn't bet)



PokerStars Zoom Hand #257673462787:  Hold'em No Limit (€0.01/€0.02) - 2025/09/09 14:30:49 CET [2025/09/09 8:30:49 ET]
Table 'Arneb' 6-max Seat #1 is the button
Seat 1: Utusuchaz (€3.60 in chips) 
Seat 2: pipinoelbreve9 (€2.03 in chips) 
Seat 3: kombei63 (€0.87 in chips) 
Seat 4: TheKaes (€5.74 in chips) 
Seat 5: Siddharta33 (€1 in chips) 
Seat 6: remiiiiiiii (€2.09 in chips) 
pipinoelbreve9: posts small blind €0.01
kombei63: posts big blind €0.02
*** HOLE CARDS ***
Dealt to pipinoelbreve9 [2d 2h]
TheKaes: raises €0.03 to €0.05
Siddharta33: folds 
remiiiiiiii: folds 
Utusuchaz: folds 
pipinoelbreve9: folds 
kombei63: folds 
Uncalled bet (€0.03) returned to TheKaes
TheKaes collected €0.05 from pot
TheKaes: doesn't show hand 
*** SUMMARY ***
Total pot €0.05 | Rake €0 
Seat 1: Utusuchaz (button) folded before Flop (didn't bet)
Seat 2: pipinoelbreve9 (small blind) folded before Flop
Seat 3: kombei63 (big blind) folded before Flop
Seat 4: TheKaes collected (€0.05)
Seat 5: Siddharta33 folded before Flop (didn't bet)
Seat 6: remiiiiiiii folded before Flop (didn't bet)



PokerStars Zoom Hand #257673463877:  Hold'em No Limit (€0.01/€0.02) - 2025/09/09 14:30:58 CET [2025/09/09 8:30:58 ET]
Table 'Arneb' 6-max Seat #1 is the button
Seat 1: x MAMUTT x (€1.06 in chips) 
Seat 2: MDKristian (€2.37 in chips) 
Seat 3: JesusCristha (€0.99 in chips) 
Seat 4: pipinoelbreve9 (€2.02 in chips) 
Seat 5: ranchim (€1.05 in chips) 
Seat 6: Diamondsdogs (€13.39 in chips) 
MDKristian: posts small blind €0.01
JesusCristha: posts big blind €0.02
*** HOLE CARDS ***
Dealt to pipinoelbreve9 [Qs 7s]
pipinoelbreve9: folds 
ranchim: raises €0.03 to €0.05
Diamondsdogs: folds 
x MAMUTT x: folds 
MDKristian: folds 
JesusCristha: folds 
Uncalled bet (€0.03) returned to ranchim
ranchim collected €0.05 from pot
ranchim: doesn't show hand 
*** SUMMARY ***
Total pot €0.05 | Rake €0 
Seat 1: x MAMUTT x (button) folded before Flop (didn't bet)
Seat 2: MDKristian (small blind) folded before Flop
Seat 3: JesusCristha (big blind) folded before Flop
Seat 4: pipinoelbreve9 folded before Flop (didn't bet)
Seat 5: ranchim collected (€0.05)
Seat 6: Diamondsdogs folded before Flop (didn't bet)



PokerStars Zoom Hand #257673462416:  Hold'em No Limit (€0.01/€0.02) - 2025/09/09 14:30:46 CET [2025/09/09 8:30:46 ET]
Table 'Arneb' 6-max Seat #1 is the button
Seat 1: upapapipis (€2.25 in chips) 
Seat 2: kastor59 (€1.98 in chips) 
Seat 3: eer_miguee (€2 in chips) 
Seat 4: pipinoelbreve9 (€2.03 in chips) 
Seat 5: goldorak5774 (€3.66 in chips) 
Seat 6: lililatarot (€1.83 in chips) 
kastor59: posts small blind €0.01
eer_miguee: posts big blind €0.02
*** HOLE CARDS ***
Dealt to pipinoelbreve9 [Qd 3c]
pipinoelbreve9: folds 
goldorak5774: calls €0.02
lililatarot: folds 
upapapipis: folds 
kastor59: raises €0.08 to €0.10
eer_miguee: folds 
goldorak5774: raises €0.08 to €0.18
kastor59: calls €0.08
*** FLOP *** [Kd Js Kh]
kastor59: checks 
goldorak5774: bets €0.04
kastor59: raises €0.18 to €0.22
goldorak5774: raises €0.18 to €0.40
kastor59: folds 
Uncalled bet (€0.18) returned to goldorak5774
goldorak5774 collected €0.78 from pot
goldorak5774: doesn't show hand 
*** SUMMARY ***
Total pot €0.82 | Rake €0.04 
Board [Kd Js Kh]
Seat 1: upapapipis (button) folded before Flop (didn't bet)
Seat 2: kastor59 (small blind) folded on the Flop
Seat 3: eer_miguee (big blind) folded before Flop
Seat 4: pipinoelbreve9 folded before Flop (didn't bet)
Seat 5: goldorak5774 collected (€0.78)
Seat 6: lililatarot folded before Flop (didn't bet)



PokerStars Zoom Hand #257673464338:  Hold'em No Limit (€0.01/€0.02) - 2025/09/09 14:31:01 CET [2025/09/09 8:31:01 ET]
Table 'Arneb' 6-max Seat #1 is the button
Seat 1: Utusuchaz (€3.21 in chips) 
Seat 2: MDKristian (€2 in chips) 
Seat 3: Gonzalo_PB1 (€2.33 in chips) 
Seat 4: x MAMUTT x (€1.06 in chips) 
Seat 5: pipinoelbreve9 (€2.02 in chips) 
Seat 6: pzjohn (€1.51 in chips) 
MDKristian: posts small blind €0.01
Gonzalo_PB1: posts big blind €0.02
*** HOLE CARDS ***
Dealt to pipinoelbreve9 [8h 2h]
x MAMUTT x: folds 
pipinoelbreve9: folds 
pzjohn: calls €0.02
Utusuchaz: folds 
MDKristian: folds 
Gonzalo_PB1: checks 
*** FLOP *** [9d Qh Ac]
Gonzalo_PB1: checks 
pzjohn: checks 
*** TURN *** [9d Qh Ac] [7s]
Gonzalo_PB1: checks 
pzjohn: checks 
*** RIVER *** [9d Qh Ac 7s] [Qd]
Gonzalo_PB1: bets €0.04
pzjohn: folds 
Uncalled bet (€0.04) returned to Gonzalo_PB1
Gonzalo_PB1 collected €0.05 from pot
Gonzalo_PB1: doesn't show hand 
*** SUMMARY ***
Total pot €0.05 | Rake €0 
Board [9d Qh Ac 7s Qd]
Seat 1: Utusuchaz (button) folded before Flop (didn't bet)
Seat 2: MDKristian (small blind) folded before Flop
Seat 3: Gonzalo_PB1 (big blind) collected (€0.05)
Seat 4: x MAMUTT x folded before Flop (didn't bet)
Seat 5: pipinoelbreve9 folded before Flop (didn't bet)
Seat 6: pzjohn folded on the River



PokerStars Zoom Hand #257673464953:  Hold'em No Limit (€0.01/€0.02) - 2025/09/09 14:31:06 CET [2025/09/09 8:31:06 ET]
Table 'Arneb' 6-max Seat #1 is the button
Seat 1: lililatarot (€1.83 in chips) 
Seat 2: kastor59 (€2.01 in chips) 
Seat 3: pipinoelbreve9 (€2.02 in chips) 
Seat 4: MDKristian (€2.36 in chips) 
Seat 5: Tyrandes4pattes (€4.17 in chips) 
Seat 6: Diamondsdogs (€13.39 in chips) 
kastor59: posts small blind €0.01
pipinoelbreve9: posts big blind €0.02
*** HOLE CARDS ***
Dealt to pipinoelbreve9 [2h 2d]
MDKristian: folds 
Tyrandes4pattes: folds 
Diamondsdogs: folds 
lililatarot: folds 
kastor59: raises €0.04 to €0.06
pipinoelbreve9: calls €0.04
*** FLOP *** [6h 4c 7s]
kastor59: checks 
pipinoelbreve9: bets €0.08
kastor59: calls €0.08
*** TURN *** [6h 4c 7s] [8d]
kastor59: checks 
pipinoelbreve9: checks 
*** RIVER *** [6h 4c 7s 8d] [Jh]
kastor59: bets €0.14
pipinoelbreve9: folds 
Uncalled bet (€0.14) returned to kastor59
kastor59 collected €0.27 from pot
kastor59: doesn't show hand 
*** SUMMARY ***
Total pot €0.28 | Rake €0.01 
Board [6h 4c 7s 8d Jh]
Seat 1: lililatarot (button) folded before Flop (didn't bet)
Seat 2: kastor59 (small blind) collected (€0.27)
Seat 3: pipinoelbreve9 (big blind) folded on the River
Seat 4: MDKristian folded before Flop (didn't bet)
Seat 5: Tyrandes4pattes folded before Flop (didn't bet)
Seat 6: Diamondsdogs folded before Flop (didn't bet)



PokerStars Zoom Hand #257673469997:  Hold'em No Limit (€0.01/€0.02) - 2025/09/09 14:31:47 CET [2025/09/09 8:31:47 ET]
Table 'Arneb' 6-max Seat #1 is the button
Seat 1: TheKaes (€5.88 in chips) 
Seat 2: pipinoelbreve9 (€2 in chips) 
Seat 3: Tyrandes4pattes (€8.81 in chips) 
Seat 4: MDKristian (€2.30 in chips) 
Seat 5: eer_miguee (€2.13 in chips) 
Seat 6: morganlee66 (€3.83 in chips) 
pipinoelbreve9: posts small blind €0.01
Tyrandes4pattes: posts big blind €0.02
*** HOLE CARDS ***
Dealt to pipinoelbreve9 [3s 2h]
MDKristian: folds 
eer_miguee: folds 
morganlee66: folds 
TheKaes: folds 
pipinoelbreve9: folds 
Uncalled bet (€0.01) returned to Tyrandes4pattes
Tyrandes4pattes collected €0.02 from pot
Tyrandes4pattes: doesn't show hand 
*** SUMMARY ***
Total pot €0.02 | Rake €0 
Seat 1: TheKaes (button) folded before Flop (didn't bet)
Seat 2: pipinoelbreve9 (small blind) folded before Flop
Seat 3: Tyrandes4pattes (big blind) collected (€0.02)
Seat 4: MDKristian folded before Flop (didn't bet)
Seat 5: eer_miguee folded before Flop (didn't bet)
Seat 6: morganlee66 folded before Flop (didn't bet)



PokerStars Zoom Hand #257673471766:  Hold'em No Limit (€0.01/€0.02) - 2025/09/09 14:32:01 CET [2025/09/09 8:32:01 ET]
Table 'Arneb' 6-max Seat #1 is the button
Seat 1: morganlee66 (€3.83 in chips) 
Seat 2: gateunas (€1.85 in chips) 
Seat 3: eer_miguee (€2.13 in chips) 
Seat 4: javilokillo3 (€2.74 in chips) 
Seat 5: proust50 (€2.77 in chips) 
Seat 6: pipinoelbreve9 (€2 in chips) 
gateunas: posts small blind €0.01
eer_miguee: posts big blind €0.02
*** HOLE CARDS ***
Dealt to pipinoelbreve9 [3d Qd]
javilokillo3: folds 
proust50: folds 
pipinoelbreve9: folds 
morganlee66: folds 
gateunas: raises €0.03 to €0.05
eer_miguee: folds 
Uncalled bet (€0.03) returned to gateunas
gateunas collected €0.04 from pot
gateunas: doesn't show hand 
*** SUMMARY ***
Total pot €0.04 | Rake €0 
Seat 1: morganlee66 (button) folded before Flop (didn't bet)
Seat 2: gateunas (small blind) collected (€0.04)
Seat 3: eer_miguee (big blind) folded before Flop
Seat 4: javilokillo3 folded before Flop (didn't bet)
Seat 5: proust50 folded before Flop (didn't bet)
Seat 6: pipinoelbreve9 folded before Flop (didn't bet)



PokerStars Zoom Hand #257673470673:  Hold'em No Limit (€0.01/€0.02) - 2025/09/09 14:31:52 CET [2025/09/09 8:31:52 ET]
Table 'Arneb' 6-max Seat #1 is the button
Seat 1: pipinoelbreve9 (€2 in chips) 
Seat 2: MDKristian (€2.01 in chips) 
Seat 3: Mahalo85 (€1 in chips) 
Seat 4: proust50 (€4.37 in chips) 
Seat 5: Utusuchaz (€3.03 in chips) 
Seat 6: pzjohn (€1.92 in chips) 
MDKristian: posts small blind €0.01
Mahalo85: posts big blind €0.02
*** HOLE CARDS ***
Dealt to pipinoelbreve9 [As 7c]
proust50: folds 
Utusuchaz: raises €0.03 to €0.05
pzjohn: calls €0.05
pipinoelbreve9: folds 
MDKristian: folds 
Mahalo85: calls €0.03
*** FLOP *** [Kh 4s 9c]
Mahalo85: bets €0.14
Utusuchaz: calls €0.14
pzjohn: folds 
*** TURN *** [Kh 4s 9c] [2c]
Mahalo85: bets €0.81 and is all-in
Utusuchaz: folds 
Uncalled bet (€0.81) returned to Mahalo85
Mahalo85 collected €0.42 from pot
Mahalo85: doesn't show hand 
*** SUMMARY ***
Total pot €0.44 | Rake €0.02 
Board [Kh 4s 9c 2c]
Seat 1: pipinoelbreve9 (button) folded before Flop (didn't bet)
Seat 2: MDKristian (small blind) folded before Flop
Seat 3: Mahalo85 (big blind) collected (€0.42)
Seat 4: proust50 folded before Flop (didn't bet)
Seat 5: Utusuchaz folded on the Turn
Seat 6: pzjohn folded on the Flop



PokerStars Zoom Hand #257673472498:  Hold'em No Limit (€0.01/€0.02) - 2025/09/09 14:32:07 CET [2025/09/09 8:32:07 ET]
Table 'Arneb' 6-max Seat #1 is the button
Seat 1: pipinoelbreve9 (€2 in chips) 
Seat 2: kastor59 (€2.17 in chips) 
Seat 3: Utusuchaz (€3.18 in chips) 
Seat 4: Tyrandes4pattes (€4.17 in chips) 
Seat 5: MDKristian (€2 in chips) 
Seat 6: kombei63 (€1.23 in chips) 
kastor59: posts small blind €0.01
Utusuchaz: posts big blind €0.02
*** HOLE CARDS ***
Dealt to pipinoelbreve9 [Ks Qc]
Tyrandes4pattes: folds 
MDKristian: folds 
kombei63: folds 
pipinoelbreve9: raises €0.04 to €0.06
kastor59: calls €0.05
Utusuchaz: folds 
*** FLOP *** [6h 4s Ad]
kastor59: checks 
pipinoelbreve9: checks 
*** TURN *** [6h 4s Ad] [8s]
kastor59: checks 
pipinoelbreve9: bets €0.07
kastor59: folds 
Uncalled bet (€0.07) returned to pipinoelbreve9
pipinoelbreve9 collected €0.13 from pot
pipinoelbreve9: doesn't show hand 
*** SUMMARY ***
Total pot €0.14 | Rake €0.01 
Board [6h 4s Ad 8s]
Seat 1: pipinoelbreve9 (button) collected (€0.13)
Seat 2: kastor59 (small blind) folded on the Turn
Seat 3: Utusuchaz (big blind) folded before Flop
Seat 4: Tyrandes4pattes folded before Flop (didn't bet)
Seat 5: MDKristian folded before Flop (didn't bet)
Seat 6: kombei63 folded before Flop (didn't bet)



PokerStars Zoom Hand #257673475905:  Hold'em No Limit (€0.01/€0.02) - 2025/09/09 14:32:34 CET [2025/09/09 8:32:34 ET]
Table 'Arneb' 6-max Seat #1 is the button
Seat 1: Tyrandes4pattes (€8.81 in chips) 
Seat 2: MDKristian (€2 in chips) 
Seat 3: pipinoelbreve9 (€2.07 in chips) 
Seat 4: proust50 (€2.80 in chips) 
Seat 5: Utusuchaz (€3.19 in chips) 
Seat 6: morganlee66 (€3.84 in chips) 
MDKristian: posts small blind €0.01
pipinoelbreve9: posts big blind €0.02
*** HOLE CARDS ***
Dealt to pipinoelbreve9 [7c 3s]
proust50: folds 
Utusuchaz: raises €0.03 to €0.05
morganlee66: folds 
Tyrandes4pattes: folds 
MDKristian: folds 
pipinoelbreve9: folds 
Uncalled bet (€0.03) returned to Utusuchaz
Utusuchaz collected €0.05 from pot
Utusuchaz: doesn't show hand 
*** SUMMARY ***
Total pot €0.05 | Rake €0 
Seat 1: Tyrandes4pattes (button) folded before Flop (didn't bet)
Seat 2: MDKristian (small blind) folded before Flop
Seat 3: pipinoelbreve9 (big blind) folded before Flop
Seat 4: proust50 folded before Flop (didn't bet)
Seat 5: Utusuchaz collected (€0.05)
Seat 6: morganlee66 folded before Flop (didn't bet)



PokerStars Zoom Hand #257673478972:  Hold'em No Limit (€0.01/€0.02) - 2025/09/09 14:32:59 CET [2025/09/09 8:32:59 ET]
Table 'Arneb' 6-max Seat #1 is the button
Seat 1: kombei63 (€1.61 in chips) 
Seat 2: pipinoelbreve9 (€2.05 in chips) 
Seat 3: pepetoni60 (€2 in chips) 
Seat 4: pzjohn (€1.79 in chips) 
Seat 5: Mahalo85 (€1.22 in chips) 
Seat 6: kastor59 (€2.09 in chips) 
pipinoelbreve9: posts small blind €0.01
pepetoni60: posts big blind €0.02
*** HOLE CARDS ***
Dealt to pipinoelbreve9 [2d 4d]
pzjohn: folds 
Mahalo85: raises €0.17 to €0.19
kastor59: folds 
kombei63: folds 
pipinoelbreve9: folds 
pepetoni60: folds 
Uncalled bet (€0.17) returned to Mahalo85
Mahalo85 collected €0.05 from pot
Mahalo85: doesn't show hand 
*** SUMMARY ***
Total pot €0.05 | Rake €0 
Seat 1: kombei63 (button) folded before Flop (didn't bet)
Seat 2: pipinoelbreve9 (small blind) folded before Flop
Seat 3: pepetoni60 (big blind) folded before Flop
Seat 4: pzjohn folded before Flop (didn't bet)
Seat 5: Mahalo85 collected (€0.05)
Seat 6: kastor59 folded before Flop (didn't bet)



PokerStars Zoom Hand #257673480152:  Hold'em No Limit (€0.01/€0.02) - 2025/09/09 14:33:09 CET [2025/09/09 8:33:09 ET]
Table 'Arneb' 6-max Seat #1 is the button
Seat 1: loveandpeas (€2 in chips) 
Seat 2: kastor59 (€2.09 in chips) 
Seat 3: morganlee66 (€3.83 in chips) 
Seat 4: guizzado16 (€1.88 in chips) 
Seat 5: ranchim (€1.03 in chips) 
Seat 6: pipinoelbreve9 (€2.04 in chips) 
kastor59: posts small blind €0.01
morganlee66: posts big blind €0.02
*** HOLE CARDS ***
Dealt to pipinoelbreve9 [Qc 6s]
guizzado16: folds 
ranchim: folds 
pipinoelbreve9: folds 
loveandpeas: folds 
kastor59: folds 
Uncalled bet (€0.01) returned to morganlee66
morganlee66 collected €0.02 from pot
morganlee66: doesn't show hand 
*** SUMMARY ***
Total pot €0.02 | Rake €0 
Seat 1: loveandpeas (button) folded before Flop (didn't bet)
Seat 2: kastor59 (small blind) folded before Flop
Seat 3: morganlee66 (big blind) collected (€0.02)
Seat 4: guizzado16 folded before Flop (didn't bet)
Seat 5: ranchim folded before Flop (didn't bet)
Seat 6: pipinoelbreve9 folded before Flop (didn't bet)



PokerStars Zoom Hand #257673481004:  Hold'em No Limit (€0.01/€0.02) - 2025/09/09 14:33:16 CET [2025/09/09 8:33:16 ET]
Table 'Arneb' 6-max Seat #1 is the button
Seat 1: pipinoelbreve9 (€2.04 in chips) 
Seat 2: pompavana (€2.05 in chips) 
Seat 3: KLOSDUFAN (€2 in chips) 
Seat 4: TheKaes (€5.90 in chips) 
Seat 5: FllanosB (€1.65 in chips) 
Seat 6: d4rkr3b1c (€0.89 in chips) 
pompavana: posts small blind €0.01
KLOSDUFAN: posts big blind €0.02
*** HOLE CARDS ***
Dealt to pipinoelbreve9 [4s 5d]
TheKaes: folds 
FllanosB: folds 
d4rkr3b1c: folds 
pipinoelbreve9: folds 
pompavana: folds 
Uncalled bet (€0.01) returned to KLOSDUFAN
KLOSDUFAN collected €0.02 from pot
KLOSDUFAN: doesn't show hand 
*** SUMMARY ***
Total pot €0.02 | Rake €0 
Seat 1: pipinoelbreve9 (button) folded before Flop (didn't bet)
Seat 2: pompavana (small blind) folded before Flop
Seat 3: KLOSDUFAN (big blind) collected (€0.02)
Seat 4: TheKaes folded before Flop (didn't bet)
Seat 5: FllanosB folded before Flop (didn't bet)
Seat 6: d4rkr3b1c folded before Flop (didn't bet)



PokerStars Zoom Hand #257673477528:  Hold'em No Limit (€0.01/€0.02) - 2025/09/09 14:32:47 CET [2025/09/09 8:32:47 ET]
Table 'Arneb' 6-max Seat #1 is the button
Seat 1: kastor59 (€1.90 in chips) 
Seat 2: Tyrandes4pattes (€4.18 in chips) 
Seat 3: lngk852305 (€3.30 in chips) 
Seat 4: Crubiov_1978 (€2.88 in chips) 
Seat 5: pipinoelbreve9 (€2.05 in chips) 
Seat 6: Utusuchaz (€3.22 in chips) 
Tyrandes4pattes: posts small blind €0.01
lngk852305: posts big blind €0.02
*** HOLE CARDS ***
Dealt to pipinoelbreve9 [Th Qh]
Crubiov_1978: calls €0.02
pipinoelbreve9: folds 
Utusuchaz: folds 
kastor59: raises €0.07 to €0.09
Tyrandes4pattes: folds 
lngk852305: calls €0.07
Crubiov_1978: calls €0.07
*** FLOP *** [Tc 4s 9s]
lngk852305: checks 
Crubiov_1978: bets €0.04
kastor59: folds 
lngk852305: calls €0.04
*** TURN *** [Tc 4s 9s] [Js]
lngk852305: checks 
Crubiov_1978: bets €0.02
lngk852305: calls €0.02
*** RIVER *** [Tc 4s 9s Js] [7s]
lngk852305: checks 
Crubiov_1978: bets €0.12
lngk852305: folds 
Uncalled bet (€0.12) returned to Crubiov_1978
Crubiov_1978 collected €0.38 from pot
Crubiov_1978: doesn't show hand 
*** SUMMARY ***
Total pot €0.40 | Rake €0.02 
Board [Tc 4s 9s Js 7s]
Seat 1: kastor59 (button) folded on the Flop
Seat 2: Tyrandes4pattes (small blind) folded before Flop
Seat 3: lngk852305 (big blind) folded on the River
Seat 4: Crubiov_1978 collected (€0.38)
Seat 5: pipinoelbreve9 folded before Flop (didn't bet)
Seat 6: Utusuchaz folded before Flop (didn't bet)



PokerStars Zoom Hand #257673478245:  Hold'em No Limit (€0.01/€0.02) - 2025/09/09 14:32:53 CET [2025/09/09 8:32:53 ET]
Table 'Arneb' 6-max Seat #1 is the button
Seat 1: lngk852305 (€1.98 in chips) 
Seat 2: loveandpeas (€2 in chips) 
Seat 3: Utusuchaz (€3.22 in chips) 
Seat 4: pipinoelbreve9 (€2.05 in chips) 
Seat 5: kastor59 (€2.09 in chips) 
Seat 6: kombei63 (€1.61 in chips) 
loveandpeas: posts small blind €0.01
Utusuchaz: posts big blind €0.02
*** HOLE CARDS ***
Dealt to pipinoelbreve9 [3h 9d]
pipinoelbreve9: folds 
kastor59: folds 
kombei63: folds 
lngk852305: raises €0.04 to €0.06
loveandpeas: folds 
Utusuchaz: calls €0.04
*** FLOP *** [Ah 4d 5h]
Utusuchaz: checks 
lngk852305: checks 
*** TURN *** [Ah 4d 5h] [2c]
Utusuchaz: checks 
lngk852305: checks 
*** RIVER *** [Ah 4d 5h 2c] [Ks]
Utusuchaz: checks 
lngk852305: checks 
*** SHOW DOWN ***
Utusuchaz: shows [Qh 2h] (a pair of Deuces)
lngk852305: mucks hand 
Utusuchaz collected €0.12 from pot
*** SUMMARY ***
Total pot €0.13 | Rake €0.01 
Board [Ah 4d 5h 2c Ks]
Seat 1: lngk852305 (button) mucked [7s 9s]
Seat 2: loveandpeas (small blind) folded before Flop
Seat 3: Utusuchaz (big blind) showed [Qh 2h] and won (€0.12) with a pair of Deuces
Seat 4: pipinoelbreve9 folded before Flop (didn't bet)
Seat 5: kastor59 folded before Flop (didn't bet)
Seat 6: kombei63 folded before Flop (didn't bet)



PokerStars Zoom Hand #257673483792:  Hold'em No Limit (€0.01/€0.02) - 2025/09/09 14:33:38 CET [2025/09/09 8:33:38 ET]
Table 'Arneb' 6-max Seat #1 is the button
Seat 1: RCSA2 (€2.89 in chips) 
Seat 2: TheKaes (€5.88 in chips) 
Seat 3: pipinoelbreve9 (€2.04 in chips) 
Seat 4: kombei63 (€1.20 in chips) 
Seat 5: MDKristian (€2.11 in chips) 
Seat 6: morganlee66 (€3.82 in chips) 
TheKaes: posts small blind €0.01
pipinoelbreve9: posts big blind €0.02
*** HOLE CARDS ***
Dealt to pipinoelbreve9 [7d 6d]
kombei63: folds 
MDKristian: raises €0.04 to €0.06
morganlee66: folds 
RCSA2: folds 
TheKaes: folds 
pipinoelbreve9: raises €0.14 to €0.20
MDKristian: folds 
Uncalled bet (€0.14) returned to pipinoelbreve9
pipinoelbreve9 collected €0.13 from pot
pipinoelbreve9: doesn't show hand 
*** SUMMARY ***
Total pot €0.13 | Rake €0 
Seat 1: RCSA2 (button) folded before Flop (didn't bet)
Seat 2: TheKaes (small blind) folded before Flop
Seat 3: pipinoelbreve9 (big blind) collected (€0.13)
Seat 4: kombei63 folded before Flop (didn't bet)
Seat 5: MDKristian folded before Flop
Seat 6: morganlee66 folded before Flop (didn't bet)



PokerStars Zoom Hand #257673486824:  Hold'em No Limit (€0.01/€0.02) - 2025/09/09 14:34:01 CET [2025/09/09 8:34:01 ET]
Table 'Arneb' 6-max Seat #1 is the button
Seat 1: combinius1 (€2 in chips) 
Seat 2: pipinoelbreve9 (€2.11 in chips) 
Seat 3: Gonzalo_PB1 (€4 in chips) 
Seat 4: lngk852305 (€1.92 in chips) 
Seat 5: kastor59 (€2.12 in chips) 
Seat 6: proust50 (€4.29 in chips) 
pipinoelbreve9: posts small blind €0.01
Gonzalo_PB1: posts big blind €0.02
*** HOLE CARDS ***
Dealt to pipinoelbreve9 [7h Ts]
lngk852305: folds 
kastor59: folds 
proust50: folds 
combinius1: folds 
pipinoelbreve9: folds 
Uncalled bet (€0.01) returned to Gonzalo_PB1
Gonzalo_PB1 collected €0.02 from pot
Gonzalo_PB1: doesn't show hand 
*** SUMMARY ***
Total pot €0.02 | Rake €0 
Seat 1: combinius1 (button) folded before Flop (didn't bet)
Seat 2: pipinoelbreve9 (small blind) folded before Flop
Seat 3: Gonzalo_PB1 (big blind) collected (€0.02)
Seat 4: lngk852305 folded before Flop (didn't bet)
Seat 5: kastor59 folded before Flop (didn't bet)
Seat 6: proust50 folded before Flop (didn't bet)



PokerStars Zoom Hand #257673482248:  Hold'em No Limit (€0.01/€0.02) - 2025/09/09 14:33:26 CET [2025/09/09 8:33:26 ET]
Table 'Arneb' 6-max Seat #1 is the button
Seat 1: proust50 (€2.72 in chips) 
Seat 2: Siddharta33 (€1.17 in chips) 
Seat 3: rccmonteiro27 (€7.30 in chips) 
Seat 4: d4rkr3b1c (€0.89 in chips) 
Seat 5: pipinoelbreve9 (€2.04 in chips) 
Seat 6: Riki423 (€1.27 in chips) 
Siddharta33: posts small blind €0.01
rccmonteiro27: posts big blind €0.02
*** HOLE CARDS ***
Dealt to pipinoelbreve9 [Ts 5d]
d4rkr3b1c: raises €0.04 to €0.06
pipinoelbreve9: folds 
Riki423: calls €0.06
proust50: folds 
Siddharta33: folds 
rccmonteiro27: folds 
*** FLOP *** [8s 5h Qs]
d4rkr3b1c: checks 
Riki423: bets €0.02
d4rkr3b1c: folds 
Uncalled bet (€0.02) returned to Riki423
Riki423 collected €0.14 from pot
Riki423: doesn't show hand 
*** SUMMARY ***
Total pot €0.15 | Rake €0.01 
Board [8s 5h Qs]
Seat 1: proust50 (button) folded before Flop (didn't bet)
Seat 2: Siddharta33 (small blind) folded before Flop
Seat 3: rccmonteiro27 (big blind) folded before Flop
Seat 4: d4rkr3b1c folded on the Flop
Seat 5: pipinoelbreve9 folded before Flop (didn't bet)
Seat 6: Riki423 collected (€0.14)



PokerStars Zoom Hand #257673488427:  Hold'em No Limit (€0.01/€0.02) - 2025/09/09 14:34:14 CET [2025/09/09 8:34:14 ET]
Table 'Arneb' 6-max Seat #1 is the button
Seat 1: lngk852305 (€1.91 in chips) 
Seat 2: pzjohn (€1.70 in chips) 
Seat 3: Siddharta33 (€1 in chips) 
Seat 4: kastor59 (€2.08 in chips) 
Seat 5: pipinoelbreve9 (€2.10 in chips) 
Seat 6: Crubiov_1978 (€3.10 in chips) 
pzjohn: posts small blind €0.01
Siddharta33: posts big blind €0.02
*** HOLE CARDS ***
Dealt to pipinoelbreve9 [5h 9s]
kastor59: raises €0.03 to €0.05
pipinoelbreve9: folds 
Crubiov_1978: folds 
lngk852305: folds 
pzjohn: folds 
Siddharta33: folds 
Uncalled bet (€0.03) returned to kastor59
kastor59 collected €0.05 from pot
kastor59: doesn't show hand 
*** SUMMARY ***
Total pot €0.05 | Rake €0 
Seat 1: lngk852305 (button) folded before Flop (didn't bet)
Seat 2: pzjohn (small blind) folded before Flop
Seat 3: Siddharta33 (big blind) folded before Flop
Seat 4: kastor59 collected (€0.05)
Seat 5: pipinoelbreve9 folded before Flop (didn't bet)
Seat 6: Crubiov_1978 folded before Flop (didn't bet)



