PokerStars Zoom Hand #257870263384:  Hold'em No Limit (€0.01/€0.02) - 2025/09/24 17:37:41 CET [2025/09/24 11:37:41 ET]
Table 'Arneb' 6-max Seat #1 is the button
Seat 1: pingladi (€5.83 in chips) 
Seat 2: LuDoPatataa (€3.24 in chips) 
Seat 3: pipinoelbreve9 (€2 in chips) 
Seat 4: zitoune84 (€2.77 in chips) 
Seat 5: tanoun1 (€2.33 in chips) 
Seat 6: vaviprisou (€1.99 in chips) 
LuDoPatataa: posts small blind €0.01
pipinoelbreve9: posts big blind €0.02
*** HOLE CARDS ***
Dealt to pipinoelbreve9 [Td Kc]
zitoune84: folds 
tanoun1: folds 
vaviprisou: folds 
pingladi: folds 
LuDoPatataa: raises €0.04 to €0.06
pipinoelbreve9: calls €0.04
*** FLOP *** [8h 6d 5h]
LuDoPatataa: bets €0.03
pipinoelbreve9: calls €0.03
*** TURN *** [8h 6d 5h] [Jd]
LuDoPatataa: checks 
pipinoelbreve9: bets €0.07
LuDoPatataa: calls €0.07
*** RIVER *** [8h 6d 5h Jd] [2c]
LuDoPatataa: checks 
pipinoelbreve9: checks 
*** SHOW DOWN ***
LuDoPatataa: shows [Tc 8c] (a pair of Eights)
pipinoelbreve9: mucks hand 
LuDoPatataa collected €0.30 from pot
*** SUMMARY ***
Total pot €0.32 | Rake €0.02 
Board [8h 6d 5h Jd 2c]
Seat 1: pingladi (button) folded before Flop (didn't bet)
Seat 2: LuDoPatataa (small blind) showed [Tc 8c] and won (€0.30) with a pair of Eights
Seat 3: pipinoelbreve9 (big blind) mucked [Td Kc]
Seat 4: zitoune84 folded before Flop (didn't bet)
Seat 5: tanoun1 folded before Flop (didn't bet)
Seat 6: vaviprisou folded before Flop (didn't bet)



PokerStars Zoom Hand #257870270209:  Hold'em No Limit (€0.01/€0.02) - 2025/09/24 17:38:21 CET [2025/09/24 11:38:21 ET]
Table 'Arneb' 6-max Seat #1 is the button
Seat 1: LuDoPatataa (€3.38 in chips) 
Seat 2: pipinoelbreve9 (€2 in chips) 
Seat 3: 73SS (€2 in chips) 
Seat 4: LSCNBH (€3.43 in chips) 
Seat 5: kombei63 (€1.63 in chips) 
Seat 6: SrLyrox (€1.76 in chips) 
pipinoelbreve9: posts small blind €0.01
73SS: posts big blind €0.02
*** HOLE CARDS ***
Dealt to pipinoelbreve9 [Ah 9d]
LSCNBH: folds 
kombei63 has timed out
kombei63: folds 
SrLyrox: folds 
LuDoPatataa: folds 
pipinoelbreve9: raises €0.04 to €0.06
73SS: folds 
Uncalled bet (€0.04) returned to pipinoelbreve9
pipinoelbreve9 collected €0.04 from pot
pipinoelbreve9: doesn't show hand 
*** SUMMARY ***
Total pot €0.04 | Rake €0 
Seat 1: LuDoPatataa (button) folded before Flop (didn't bet)
Seat 2: pipinoelbreve9 (small blind) collected (€0.04)
Seat 3: 73SS (big blind) folded before Flop
Seat 4: LSCNBH folded before Flop (didn't bet)
Seat 5: kombei63 folded before Flop (didn't bet)
Seat 6: SrLyrox folded before Flop (didn't bet)



PokerStars Zoom Hand #257870277613:  Hold'em No Limit (€0.01/€0.02) - 2025/09/24 17:39:03 CET [2025/09/24 11:39:03 ET]
Table 'Arneb' 6-max Seat #1 is the button
Seat 1: pipinoelbreve9 (€2.02 in chips) 
Seat 2: A Besta 666 (€1.99 in chips) 
Seat 3: navarro0712 (€1.47 in chips) 
Seat 4: LAROSA74 (€3.53 in chips) 
Seat 5: OfTheBlonde (€2.04 in chips) 
Seat 6: cocomanuel76 (€0.52 in chips) 
A Besta 666: posts small blind €0.01
navarro0712: posts big blind €0.02
*** HOLE CARDS ***
Dealt to pipinoelbreve9 [Js 9s]
LAROSA74: folds 
OfTheBlonde: folds 
cocomanuel76: calls €0.02
pipinoelbreve9: raises €0.06 to €0.08
A Besta 666: folds 
navarro0712: raises €0.19 to €0.27
cocomanuel76: folds 
pipinoelbreve9: folds 
Uncalled bet (€0.19) returned to navarro0712
navarro0712 collected €0.19 from pot
navarro0712: doesn't show hand 
*** SUMMARY ***
Total pot €0.19 | Rake €0 
Seat 1: pipinoelbreve9 (button) folded before Flop
Seat 2: A Besta 666 (small blind) folded before Flop
Seat 3: navarro0712 (big blind) collected (€0.19)
Seat 4: LAROSA74 folded before Flop (didn't bet)
Seat 5: OfTheBlonde folded before Flop (didn't bet)
Seat 6: cocomanuel76 folded before Flop



PokerStars Zoom Hand #257870283752:  Hold'em No Limit (€0.01/€0.02) - 2025/09/24 17:39:38 CET [2025/09/24 11:39:38 ET]
Table 'Arneb' 6-max Seat #1 is the button
Seat 1: nicalomano (€2 in chips) 
Seat 2: DarthRose (€2 in chips) 
Seat 3: ocsur (€2.32 in chips) 
Seat 4: burgoa89 (€2.11 in chips) 
Seat 5: pipinoelbreve9 (€2 in chips) 
Seat 6: frtuber (€2.22 in chips) 
DarthRose: posts small blind €0.01
ocsur: posts big blind €0.02
*** HOLE CARDS ***
Dealt to pipinoelbreve9 [9s Js]
burgoa89: folds 
pipinoelbreve9: folds 
frtuber: raises €0.04 to €0.06
nicalomano: folds 
DarthRose: folds 
ocsur: folds 
Uncalled bet (€0.04) returned to frtuber
frtuber collected €0.05 from pot
frtuber: doesn't show hand 
*** SUMMARY ***
Total pot €0.05 | Rake €0 
Seat 1: nicalomano (button) folded before Flop (didn't bet)
Seat 2: DarthRose (small blind) folded before Flop
Seat 3: ocsur (big blind) folded before Flop
Seat 4: burgoa89 folded before Flop (didn't bet)
Seat 5: pipinoelbreve9 folded before Flop (didn't bet)
Seat 6: frtuber collected (€0.05)



PokerStars Zoom Hand #257870275256:  Hold'em No Limit (€0.01/€0.02) - 2025/09/24 17:38:50 CET [2025/09/24 11:38:50 ET]
Table 'Arneb' 6-max Seat #1 is the button
Seat 1: KerenR (€4.07 in chips) 
Seat 2: tonid00kie (€1.15 in chips) 
Seat 3: burgoa89 (€4.26 in chips) 
Seat 4: TiberioSegundo (€1.56 in chips) 
Seat 5: pingladi (€5.78 in chips) 
Seat 6: pipinoelbreve9 (€2.02 in chips) 
tonid00kie: posts small blind €0.01
burgoa89: posts big blind €0.02
*** HOLE CARDS ***
Dealt to pipinoelbreve9 [4h 8d]
TiberioSegundo: folds 
pingladi: folds 
pipinoelbreve9: folds 
KerenR: raises €0.02 to €0.04
tonid00kie: folds 
burgoa89: calls €0.02
*** FLOP *** [5d Qs 6s]
burgoa89: checks 
KerenR: checks 
*** TURN *** [5d Qs 6s] [Kd]
burgoa89: bets €0.02
KerenR: folds 
Uncalled bet (€0.02) returned to burgoa89
burgoa89 collected €0.09 from pot
burgoa89: doesn't show hand 
*** SUMMARY ***
Total pot €0.09 | Rake €0 
Board [5d Qs 6s Kd]
Seat 1: KerenR (button) folded on the Turn
Seat 2: tonid00kie (small blind) folded before Flop
Seat 3: burgoa89 (big blind) collected (€0.09)
Seat 4: TiberioSegundo folded before Flop (didn't bet)
Seat 5: pingladi folded before Flop (didn't bet)
Seat 6: pipinoelbreve9 folded before Flop (didn't bet)



PokerStars Zoom Hand #257870284567:  Hold'em No Limit (€0.01/€0.02) - 2025/09/24 17:39:43 CET [2025/09/24 11:39:43 ET]
Table 'Arneb' 6-max Seat #1 is the button
Seat 1: cocomanuel76 (€0.51 in chips) 
Seat 2: Clonetrik (€2.13 in chips) 
Seat 3: pipinoelbreve9 (€2 in chips) 
Seat 4: nicalomano (€3.85 in chips) 
Seat 5: smoking9000 (€1.04 in chips) 
Seat 6: frtuber (€2.74 in chips) 
Clonetrik: posts small blind €0.01
pipinoelbreve9: posts big blind €0.02
*** HOLE CARDS ***
Dealt to pipinoelbreve9 [4d 2s]
nicalomano: folds 
smoking9000: folds 
frtuber: folds 
cocomanuel76: folds 
Clonetrik: raises €0.03 to €0.05
pipinoelbreve9: folds 
Uncalled bet (€0.03) returned to Clonetrik
Clonetrik collected €0.04 from pot
Clonetrik: doesn't show hand 
*** SUMMARY ***
Total pot €0.04 | Rake €0 
Seat 1: cocomanuel76 (button) folded before Flop (didn't bet)
Seat 2: Clonetrik (small blind) collected (€0.04)
Seat 3: pipinoelbreve9 (big blind) folded before Flop
Seat 4: nicalomano folded before Flop (didn't bet)
Seat 5: smoking9000 folded before Flop (didn't bet)
Seat 6: frtuber folded before Flop (didn't bet)



PokerStars Zoom Hand #257870286612:  Hold'em No Limit (€0.01/€0.02) - 2025/09/24 17:39:55 CET [2025/09/24 11:39:55 ET]
Table 'Arneb' 6-max Seat #1 is the button
Seat 1: pipinoelbreve9 (€2 in chips) 
Seat 2: burgoa89 (€4.31 in chips) 
Seat 3: kaou35 (€3.79 in chips) 
Seat 4: Jepeuxpasgagner (€1.50 in chips) 
Seat 5: Ferchyman77 (€2.30 in chips) 
Seat 6: basurdia (€2.49 in chips) 
burgoa89: posts small blind €0.01
kaou35: posts big blind €0.02
*** HOLE CARDS ***
Dealt to pipinoelbreve9 [9h 7s]
Jepeuxpasgagner: folds 
Ferchyman77: folds 
basurdia: raises €0.06 to €0.08
pipinoelbreve9: folds 
burgoa89: folds 
kaou35: folds 
Uncalled bet (€0.06) returned to basurdia
basurdia collected €0.05 from pot
basurdia: doesn't show hand 
*** SUMMARY ***
Total pot €0.05 | Rake €0 
Seat 1: pipinoelbreve9 (button) folded before Flop (didn't bet)
Seat 2: burgoa89 (small blind) folded before Flop
Seat 3: kaou35 (big blind) folded before Flop
Seat 4: Jepeuxpasgagner folded before Flop (didn't bet)
Seat 5: Ferchyman77 folded before Flop (didn't bet)
Seat 6: basurdia collected (€0.05)



PokerStars Zoom Hand #257870291181:  Hold'em No Limit (€0.01/€0.02) - 2025/09/24 17:40:21 CET [2025/09/24 11:40:21 ET]
Table 'Arneb' 6-max Seat #1 is the button
Seat 1: pingladi (€2.90 in chips) 
Seat 2: Dariouu (€3.99 in chips) 
Seat 3: zitoune84 (€2.55 in chips) 
Seat 4: Nescoe (€2.13 in chips) 
Seat 5: pipinoelbreve9 (€2 in chips) 
Seat 6: tanoun1 (€4.37 in chips) 
Dariouu: posts small blind €0.01
zitoune84: posts big blind €0.02
*** HOLE CARDS ***
Dealt to pipinoelbreve9 [4h 5d]
Nescoe: folds 
pipinoelbreve9: folds 
tanoun1: folds 
pingladi: raises €0.03 to €0.05
Dariouu: folds 
zitoune84: folds 
Uncalled bet (€0.03) returned to pingladi
pingladi collected €0.05 from pot
pingladi: doesn't show hand 
*** SUMMARY ***
Total pot €0.05 | Rake €0 
Seat 1: pingladi (button) collected (€0.05)
Seat 2: Dariouu (small blind) folded before Flop
Seat 3: zitoune84 (big blind) folded before Flop
Seat 4: Nescoe folded before Flop (didn't bet)
Seat 5: pipinoelbreve9 folded before Flop (didn't bet)
Seat 6: tanoun1 folded before Flop (didn't bet)



PokerStars Zoom Hand #257870287703:  Hold'em No Limit (€0.01/€0.02) - 2025/09/24 17:40:01 CET [2025/09/24 11:40:01 ET]
Table 'Arneb' 6-max Seat #1 is the button
Seat 1: burgoa89 (€1.97 in chips) 
Seat 2: tanoun1 (€2 in chips) 
Seat 3: Ferchyman77 (€2.30 in chips) 
Seat 4: pipinoelbreve9 (€2 in chips) 
Seat 5: nukilla888 (€0.98 in chips) 
Seat 6: frtuber (€2.29 in chips) 
tanoun1: posts small blind €0.01
Ferchyman77: posts big blind €0.02
*** HOLE CARDS ***
Dealt to pipinoelbreve9 [9s 6h]
pipinoelbreve9: folds 
nukilla888: folds 
frtuber: folds 
burgoa89: raises €0.04 to €0.06
tanoun1: calls €0.05
Ferchyman77: folds 
*** FLOP *** [Ac 5d 3h]
tanoun1: checks 
burgoa89: bets €0.08
tanoun1: folds 
Uncalled bet (€0.08) returned to burgoa89
burgoa89 collected €0.13 from pot
burgoa89: doesn't show hand 
*** SUMMARY ***
Total pot €0.14 | Rake €0.01 
Board [Ac 5d 3h]
Seat 1: burgoa89 (button) collected (€0.13)
Seat 2: tanoun1 (small blind) folded on the Flop
Seat 3: Ferchyman77 (big blind) folded before Flop
Seat 4: pipinoelbreve9 folded before Flop (didn't bet)
Seat 5: nukilla888 folded before Flop (didn't bet)
Seat 6: frtuber folded before Flop (didn't bet)



PokerStars Zoom Hand #257870288560:  Hold'em No Limit (€0.01/€0.02) - 2025/09/24 17:40:06 CET [2025/09/24 11:40:06 ET]
Table 'Arneb' 6-max Seat #1 is the button
Seat 1: frtuber (€2.24 in chips) 
Seat 2: pipinoelbreve9 (€2 in chips) 
Seat 3: Jack el Duro (€2.97 in chips) 
Seat 4: CheckMate1346 (€2.22 in chips) 
Seat 5: maximus_powah (€1.88 in chips) 
Seat 6: TiberioSegundo (€2.33 in chips) 
pipinoelbreve9: posts small blind €0.01
Jack el Duro: posts big blind €0.02
*** HOLE CARDS ***
Dealt to pipinoelbreve9 [Qh 7s]
CheckMate1346: raises €0.04 to €0.06
maximus_powah: folds 
TiberioSegundo: folds 
frtuber: folds 
pipinoelbreve9: folds 
Jack el Duro: calls €0.04
*** FLOP *** [2c 8s 7h]
Jack el Duro: checks 
CheckMate1346: bets €0.07
Jack el Duro: folds 
Uncalled bet (€0.07) returned to CheckMate1346
CheckMate1346 collected €0.12 from pot
CheckMate1346: doesn't show hand 
*** SUMMARY ***
Total pot €0.13 | Rake €0.01 
Board [2c 8s 7h]
Seat 1: frtuber (button) folded before Flop (didn't bet)
Seat 2: pipinoelbreve9 (small blind) folded before Flop
Seat 3: Jack el Duro (big blind) folded on the Flop
Seat 4: CheckMate1346 collected (€0.12)
Seat 5: maximus_powah folded before Flop (didn't bet)
Seat 6: TiberioSegundo folded before Flop (didn't bet)



PokerStars Zoom Hand #257870291644:  Hold'em No Limit (€0.01/€0.02) - 2025/09/24 17:40:24 CET [2025/09/24 11:40:24 ET]
Table 'Arneb' 6-max Seat #1 is the button
Seat 1: TiberioSegundo (€1.67 in chips) 
Seat 2: Bfree01 (€4.83 in chips) 
Seat 3: SrLyrox (€2.49 in chips) 
Seat 4: KerenR (€3.61 in chips) 
Seat 5: Nescoe (€2.13 in chips) 
Seat 6: pipinoelbreve9 (€2 in chips) 
Bfree01: posts small blind €0.01
SrLyrox: posts big blind €0.02
*** HOLE CARDS ***
Dealt to pipinoelbreve9 [4h 9s]
KerenR: folds 
Nescoe: raises €0.03 to €0.05
pipinoelbreve9: folds 
TiberioSegundo: raises €0.15 to €0.20
Bfree01: folds 
SrLyrox: folds 
Nescoe: folds 
Uncalled bet (€0.15) returned to TiberioSegundo
TiberioSegundo collected €0.13 from pot
TiberioSegundo: doesn't show hand 
*** SUMMARY ***
Total pot €0.13 | Rake €0 
Seat 1: TiberioSegundo (button) collected (€0.13)
Seat 2: Bfree01 (small blind) folded before Flop
Seat 3: SrLyrox (big blind) folded before Flop
Seat 4: KerenR folded before Flop (didn't bet)
Seat 5: Nescoe folded before Flop
Seat 6: pipinoelbreve9 folded before Flop (didn't bet)



PokerStars Zoom Hand #257870294976:  Hold'em No Limit (€0.01/€0.02) - 2025/09/24 17:40:43 CET [2025/09/24 11:40:43 ET]
Table 'Arneb' 6-max Seat #1 is the button
Seat 1: basurdia (€2.16 in chips) 
Seat 2: Ferchyman77 (€2.06 in chips) 
Seat 3: pipinoelbreve9 (€2 in chips) 
Seat 4: A Besta 666 (€1.90 in chips) 
Seat 5: burgoa89 (€3.97 in chips) 
Seat 6: Nescoe (€2.08 in chips) 
Ferchyman77: posts small blind €0.01
pipinoelbreve9: posts big blind €0.02
*** HOLE CARDS ***
Dealt to pipinoelbreve9 [4s Qc]
A Besta 666: folds 
burgoa89: folds 
Nescoe: folds 
basurdia: raises €0.08 to €0.10
Ferchyman77: folds 
pipinoelbreve9: folds 
Uncalled bet (€0.08) returned to basurdia
basurdia collected €0.05 from pot
basurdia: doesn't show hand 
*** SUMMARY ***
Total pot €0.05 | Rake €0 
Seat 1: basurdia (button) collected (€0.05)
Seat 2: Ferchyman77 (small blind) folded before Flop
Seat 3: pipinoelbreve9 (big blind) folded before Flop
Seat 4: A Besta 666 folded before Flop (didn't bet)
Seat 5: burgoa89 folded before Flop (didn't bet)
Seat 6: Nescoe folded before Flop (didn't bet)



PokerStars Zoom Hand #257870292315:  Hold'em No Limit (€0.01/€0.02) - 2025/09/24 17:40:28 CET [2025/09/24 11:40:28 ET]
Table 'Arneb' 6-max Seat #1 is the button
Seat 1: 73SS (€2.08 in chips) 
Seat 2: maximus_powah (€1.89 in chips) 
Seat 3: frtuber (€2.29 in chips) 
Seat 4: pipinoelbreve9 (€2 in chips) 
Seat 5: madbikeman (€8.21 in chips) 
Seat 6: smoking9000 (€1 in chips) 
maximus_powah: posts small blind €0.01
frtuber: posts big blind €0.02
*** HOLE CARDS ***
Dealt to pipinoelbreve9 [9c 7h]
pipinoelbreve9 has timed out
pipinoelbreve9: folds 
madbikeman: raises €0.02 to €0.04
smoking9000: folds 
73SS: folds 
maximus_powah: calls €0.03
frtuber: folds 
*** FLOP *** [6h 3d 5c]
maximus_powah: checks 
madbikeman: checks 
*** TURN *** [6h 3d 5c] [6d]
maximus_powah: checks 
madbikeman: checks 
*** RIVER *** [6h 3d 5c 6d] [Qd]
maximus_powah: bets €0.08
madbikeman: calls €0.08
*** SHOW DOWN ***
maximus_powah: shows [Qs Kc] (two pair, Queens and Sixes)
madbikeman: shows [Ad Jd] (a flush, Ace high)
madbikeman collected €0.25 from pot
*** SUMMARY ***
Total pot €0.26 | Rake €0.01 
Board [6h 3d 5c 6d Qd]
Seat 1: 73SS (button) folded before Flop (didn't bet)
Seat 2: maximus_powah (small blind) showed [Qs Kc] and lost with two pair, Queens and Sixes
Seat 3: frtuber (big blind) folded before Flop
Seat 4: pipinoelbreve9 folded before Flop (didn't bet)
Seat 5: madbikeman showed [Ad Jd] and won (€0.25) with a flush, Ace high
Seat 6: smoking9000 folded before Flop (didn't bet)



PokerStars Zoom Hand #257870296201:  Hold'em No Limit (€0.01/€0.02) - 2025/09/24 17:40:50 CET [2025/09/24 11:40:50 ET]
Table 'Arneb' 6-max Seat #1 is the button
Seat 1: Tyrandes4pattes (€2 in chips) 
Seat 2: A Besta 666 (€3.79 in chips) 
Seat 3: kaou35 (€1.41 in chips) 
Seat 4: Jack el Duro (€2.26 in chips) 
Seat 5: KerenR (€3.60 in chips) 
Seat 6: pipinoelbreve9 (€2 in chips) 
A Besta 666: posts small blind €0.01
kaou35: posts big blind €0.02
*** HOLE CARDS ***
Dealt to pipinoelbreve9 [3c 5s]
Jack el Duro: folds 
KerenR: folds 
pipinoelbreve9: folds 
Tyrandes4pattes: folds 
A Besta 666: calls €0.01
kaou35: checks 
*** FLOP *** [As Kd 4d]
A Besta 666: checks 
kaou35: checks 
*** TURN *** [As Kd 4d] [7d]
A Besta 666: bets €0.04
kaou35: folds 
Uncalled bet (€0.04) returned to A Besta 666
A Besta 666 collected €0.04 from pot
A Besta 666: doesn't show hand 
*** SUMMARY ***
Total pot €0.04 | Rake €0 
Board [As Kd 4d 7d]
Seat 1: Tyrandes4pattes (button) folded before Flop (didn't bet)
Seat 2: A Besta 666 (small blind) collected (€0.04)
Seat 3: kaou35 (big blind) folded on the Turn
Seat 4: Jack el Duro folded before Flop (didn't bet)
Seat 5: KerenR folded before Flop (didn't bet)
Seat 6: pipinoelbreve9 folded before Flop (didn't bet)



PokerStars Zoom Hand #257870296636:  Hold'em No Limit (€0.01/€0.02) - 2025/09/24 17:40:53 CET [2025/09/24 11:40:53 ET]
Table 'Arneb' 6-max Seat #1 is the button
Seat 1: Clonetrik (€2.34 in chips) 
Seat 2: pipinoelbreve9 (€2 in chips) 
Seat 3: Ruben1990869 (€2.14 in chips) 
Seat 4: vicen7010 (€1.24 in chips) 
Seat 5: Abrelatas787 (€3.65 in chips) 
Seat 6: Ferchyman77 (€2.05 in chips) 
pipinoelbreve9: posts small blind €0.01
Ruben1990869: posts big blind €0.02
*** HOLE CARDS ***
Dealt to pipinoelbreve9 [6d 2c]
vicen7010: raises €0.04 to €0.06
Abrelatas787: folds 
Ferchyman77: folds 
Clonetrik: folds 
pipinoelbreve9: folds 
Ruben1990869: folds 
Uncalled bet (€0.04) returned to vicen7010
vicen7010 collected €0.05 from pot
vicen7010: doesn't show hand 
*** SUMMARY ***
Total pot €0.05 | Rake €0 
Seat 1: Clonetrik (button) folded before Flop (didn't bet)
Seat 2: pipinoelbreve9 (small blind) folded before Flop
Seat 3: Ruben1990869 (big blind) folded before Flop
Seat 4: vicen7010 collected (€0.05)
Seat 5: Abrelatas787 folded before Flop (didn't bet)
Seat 6: Ferchyman77 folded before Flop (didn't bet)



PokerStars Zoom Hand #257870297899:  Hold'em No Limit (€0.01/€0.02) - 2025/09/24 17:41:00 CET [2025/09/24 11:41:00 ET]
Table 'Arneb' 6-max Seat #1 is the button
Seat 1: pipinoelbreve9 (€2 in chips) 
Seat 2: tonid00kie (€1.01 in chips) 
Seat 3: KerenR (€2.06 in chips) 
Seat 4: kidmanxdx (€1.06 in chips) 
Seat 5: vertedin (€1.69 in chips) 
Seat 6: barrilete77 (€2.28 in chips) 
tonid00kie: posts small blind €0.01
KerenR: posts big blind €0.02
*** HOLE CARDS ***
Dealt to pipinoelbreve9 [Qd 6s]
kidmanxdx: folds 
vertedin: calls €0.02
barrilete77: calls €0.02
pipinoelbreve9: folds 
tonid00kie: folds 
KerenR: checks 
*** FLOP *** [Jc 2d Qc]
KerenR: checks 
vertedin: bets €0.02
barrilete77: folds 
KerenR: folds 
Uncalled bet (€0.02) returned to vertedin
vertedin collected €0.07 from pot
vertedin: doesn't show hand 
*** SUMMARY ***
Total pot €0.07 | Rake €0 
Board [Jc 2d Qc]
Seat 1: pipinoelbreve9 (button) folded before Flop (didn't bet)
Seat 2: tonid00kie (small blind) folded before Flop
Seat 3: KerenR (big blind) folded on the Flop
Seat 4: kidmanxdx folded before Flop (didn't bet)
Seat 5: vertedin collected (€0.07)
Seat 6: barrilete77 folded on the Flop



PokerStars Zoom Hand #257870299459:  Hold'em No Limit (€0.01/€0.02) - 2025/09/24 17:41:08 CET [2025/09/24 11:41:08 ET]
Table 'Arneb' 6-max Seat #1 is the button
Seat 1: SrLyrox (€2.02 in chips) 
Seat 2: SmOuL123 (€0.72 in chips) 
Seat 3: navarro0712 (€3.10 in chips) 
Seat 4: pipinoelbreve9 (€2 in chips) 
Seat 5: maximus_powah (€1.77 in chips) 
Seat 6: SMN242 (€4.82 in chips) 
SmOuL123: posts small blind €0.01
navarro0712: posts big blind €0.02
*** HOLE CARDS ***
Dealt to pipinoelbreve9 [4h Tc]
pipinoelbreve9: folds 
maximus_powah: raises €0.04 to €0.06
SMN242: folds 
SrLyrox: folds 
SmOuL123: folds 
navarro0712: folds 
Uncalled bet (€0.04) returned to maximus_powah
maximus_powah collected €0.05 from pot
maximus_powah: doesn't show hand 
*** SUMMARY ***
Total pot €0.05 | Rake €0 
Seat 1: SrLyrox (button) folded before Flop (didn't bet)
Seat 2: SmOuL123 (small blind) folded before Flop
Seat 3: navarro0712 (big blind) folded before Flop
Seat 4: pipinoelbreve9 folded before Flop (didn't bet)
Seat 5: maximus_powah collected (€0.05)
Seat 6: SMN242 folded before Flop (didn't bet)



PokerStars Zoom Hand #257870301373:  Hold'em No Limit (€0.01/€0.02) - 2025/09/24 17:41:20 CET [2025/09/24 11:41:20 ET]
Table 'Arneb' 6-max Seat #1 is the button
Seat 1: pipinoelbreve9 (€2 in chips) 
Seat 2: frtuber (€2.01 in chips) 
Seat 3: Clonetrik (€2.34 in chips) 
Seat 4: booster74 (€2 in chips) 
Seat 5: OfTheBlonde (€2 in chips) 
Seat 6: basurdia (€2.21 in chips) 
frtuber: posts small blind €0.01
Clonetrik: posts big blind €0.02
*** HOLE CARDS ***
Dealt to pipinoelbreve9 [3h 5d]
booster74: folds 
OfTheBlonde: folds 
basurdia: raises €0.08 to €0.10
pipinoelbreve9: folds 
frtuber: folds 
Clonetrik: folds 
Uncalled bet (€0.08) returned to basurdia
basurdia collected €0.05 from pot
basurdia: doesn't show hand 
*** SUMMARY ***
Total pot €0.05 | Rake €0 
Seat 1: pipinoelbreve9 (button) folded before Flop (didn't bet)
Seat 2: frtuber (small blind) folded before Flop
Seat 3: Clonetrik (big blind) folded before Flop
Seat 4: booster74 folded before Flop (didn't bet)
Seat 5: OfTheBlonde folded before Flop (didn't bet)
Seat 6: basurdia collected (€0.05)



PokerStars Zoom Hand #257870302386:  Hold'em No Limit (€0.01/€0.02) - 2025/09/24 17:41:25 CET [2025/09/24 11:41:25 ET]
Table 'Arneb' 6-max Seat #1 is the button
Seat 1: pingladi (€5.75 in chips) 
Seat 2: booster74 (€2 in chips) 
Seat 3: Kok0chas (€1.27 in chips) 
Seat 4: vertedin (€1.74 in chips) 
Seat 5: pipinoelbreve9 (€2 in chips) 
Seat 6: frtuber (€2 in chips) 
booster74: posts small blind €0.01
Kok0chas: posts big blind €0.02
*** HOLE CARDS ***
Dealt to pipinoelbreve9 [Td 2h]
vertedin: calls €0.02
pipinoelbreve9: folds 
frtuber: folds 
pingladi: folds 
booster74: folds 
Kok0chas: checks 
*** FLOP *** [9c 2d Jh]
Kok0chas: checks 
vertedin: checks 
*** TURN *** [9c 2d Jh] [9s]
Kok0chas: checks 
vertedin: bets €0.04
Kok0chas: folds 
Uncalled bet (€0.04) returned to vertedin
vertedin collected €0.05 from pot
vertedin: doesn't show hand 
*** SUMMARY ***
Total pot €0.05 | Rake €0 
Board [9c 2d Jh 9s]
Seat 1: pingladi (button) folded before Flop (didn't bet)
Seat 2: booster74 (small blind) folded before Flop
Seat 3: Kok0chas (big blind) folded on the Turn
Seat 4: vertedin collected (€0.05)
Seat 5: pipinoelbreve9 folded before Flop (didn't bet)
Seat 6: frtuber folded before Flop (didn't bet)



PokerStars Zoom Hand #257870303057:  Hold'em No Limit (€0.01/€0.02) - 2025/09/24 17:41:29 CET [2025/09/24 11:41:29 ET]
Table 'Arneb' 6-max Seat #1 is the button
Seat 1: SMN242 (€4.82 in chips) 
Seat 2: nukilla888 (€1.06 in chips) 
Seat 3: pipinoelbreve9 (€2 in chips) 
Seat 4: maximus_powah (€1.81 in chips) 
Seat 5: didiouze (€3.92 in chips) 
Seat 6: Fulcrumm (€1.76 in chips) 
nukilla888: posts small blind €0.01
pipinoelbreve9: posts big blind €0.02
*** HOLE CARDS ***
Dealt to pipinoelbreve9 [7c 4h]
maximus_powah: folds 
didiouze: calls €0.02
Fulcrumm: folds 
SMN242: folds 
nukilla888: folds 
pipinoelbreve9: checks 
*** FLOP *** [4d 3d 8c]
pipinoelbreve9: bets €0.02
didiouze: calls €0.02
*** TURN *** [4d 3d 8c] [7d]
pipinoelbreve9: bets €0.05
didiouze: folds 
Uncalled bet (€0.05) returned to pipinoelbreve9
pipinoelbreve9 collected €0.09 from pot
pipinoelbreve9: doesn't show hand 
*** SUMMARY ***
Total pot €0.09 | Rake €0 
Board [4d 3d 8c 7d]
Seat 1: SMN242 (button) folded before Flop (didn't bet)
Seat 2: nukilla888 (small blind) folded before Flop
Seat 3: pipinoelbreve9 (big blind) collected (€0.09)
Seat 4: maximus_powah folded before Flop (didn't bet)
Seat 5: didiouze folded on the Turn
Seat 6: Fulcrumm folded before Flop (didn't bet)



PokerStars Zoom Hand #257870309109:  Hold'em No Limit (€0.01/€0.02) - 2025/09/24 17:42:03 CET [2025/09/24 11:42:03 ET]
Table 'Arneb' 6-max Seat #1 is the button
Seat 1: Mrbaison84 (€2.33 in chips) 
Seat 2: pipinoelbreve9 (€2.05 in chips) 
Seat 3: festas306 (€0.77 in chips) 
Seat 4: LSCNBH (€2.39 in chips) 
Seat 5: Nescoe (€2.32 in chips) 
Seat 6: klevis112126 (€5.14 in chips) 
pipinoelbreve9: posts small blind €0.01
festas306: posts big blind €0.02
*** HOLE CARDS ***
Dealt to pipinoelbreve9 [9s 8c]
LSCNBH: folds 
Nescoe: raises €0.03 to €0.05
klevis112126: folds 
Mrbaison84: folds 
pipinoelbreve9: folds 
festas306: folds 
Uncalled bet (€0.03) returned to Nescoe
Nescoe collected €0.05 from pot
Nescoe: doesn't show hand 
*** SUMMARY ***
Total pot €0.05 | Rake €0 
Seat 1: Mrbaison84 (button) folded before Flop (didn't bet)
Seat 2: pipinoelbreve9 (small blind) folded before Flop
Seat 3: festas306 (big blind) folded before Flop
Seat 4: LSCNBH folded before Flop (didn't bet)
Seat 5: Nescoe collected (€0.05)
Seat 6: klevis112126 folded before Flop (didn't bet)



PokerStars Zoom Hand #257870310792:  Hold'em No Limit (€0.01/€0.02) - 2025/09/24 17:42:13 CET [2025/09/24 11:42:13 ET]
Table 'Arneb' 6-max Seat #1 is the button
Seat 1: kidmanxdx (€1 in chips) 
Seat 2: kaou35 (€1.94 in chips) 
Seat 3: tanoun1 (€4.43 in chips) 
Seat 4: Ruben1990869 (€2.09 in chips) 
Seat 5: SmOuL123 (€0.66 in chips) 
Seat 6: pipinoelbreve9 (€2.04 in chips) 
kaou35: posts small blind €0.01
tanoun1: posts big blind €0.02
*** HOLE CARDS ***
Dealt to pipinoelbreve9 [Qs 8c]
Ruben1990869: folds 
SmOuL123: folds 
pipinoelbreve9: folds 
kidmanxdx: folds 
kaou35: raises €0.04 to €0.06
tanoun1: folds 
Uncalled bet (€0.04) returned to kaou35
kaou35 collected €0.04 from pot
kaou35: doesn't show hand 
*** SUMMARY ***
Total pot €0.04 | Rake €0 
Seat 1: kidmanxdx (button) folded before Flop (didn't bet)
Seat 2: kaou35 (small blind) collected (€0.04)
Seat 3: tanoun1 (big blind) folded before Flop
Seat 4: Ruben1990869 folded before Flop (didn't bet)
Seat 5: SmOuL123 folded before Flop (didn't bet)
Seat 6: pipinoelbreve9 folded before Flop (didn't bet)



PokerStars Zoom Hand #257870311912:  Hold'em No Limit (€0.01/€0.02) - 2025/09/24 17:42:19 CET [2025/09/24 11:42:19 ET]
Table 'Arneb' 6-max Seat #1 is the button
Seat 1: kaou35 (€1.44 in chips) 
Seat 2: LSCNBH (€2.39 in chips) 
Seat 3: Lucian Morel (€2.15 in chips) 
Seat 4: zitoune84 (€2.55 in chips) 
Seat 5: pipinoelbreve9 (€2.04 in chips) 
Seat 6: kombei63 (€1.66 in chips) 
LSCNBH: posts small blind €0.01
Lucian Morel: posts big blind €0.02
*** HOLE CARDS ***
Dealt to pipinoelbreve9 [3s Js]
zitoune84: folds 
pipinoelbreve9: folds 
kombei63: folds 
kaou35: folds 
LSCNBH: raises €0.03 to €0.05
Lucian Morel: raises €0.11 to €0.16
LSCNBH: folds 
Uncalled bet (€0.11) returned to Lucian Morel
Lucian Morel collected €0.10 from pot
Lucian Morel: doesn't show hand 
*** SUMMARY ***
Total pot €0.10 | Rake €0 
Seat 1: kaou35 (button) folded before Flop (didn't bet)
Seat 2: LSCNBH (small blind) folded before Flop
Seat 3: Lucian Morel (big blind) collected (€0.10)
Seat 4: zitoune84 folded before Flop (didn't bet)
Seat 5: pipinoelbreve9 folded before Flop (didn't bet)
Seat 6: kombei63 folded before Flop (didn't bet)



PokerStars Zoom Hand #257870312636:  Hold'em No Limit (€0.01/€0.02) - 2025/09/24 17:42:23 CET [2025/09/24 11:42:23 ET]
Table 'Arneb' 6-max Seat #1 is the button
Seat 1: Filipa_M856 (€1.34 in chips) 
Seat 2: barrilete77 (€2.33 in chips) 
Seat 3: pipinoelbreve9 (€2.04 in chips) 
Seat 4: kaou35 (€1.44 in chips) 
Seat 5: Jack el Duro (€2.20 in chips) 
Seat 6: zitoune84 (€2.55 in chips) 
barrilete77: posts small blind €0.01
pipinoelbreve9: posts big blind €0.02
*** HOLE CARDS ***
Dealt to pipinoelbreve9 [5h 5d]
kaou35: raises €0.05 to €0.07
Jack el Duro: folds 
zitoune84: folds 
Filipa_M856: folds 
barrilete77: calls €0.06
pipinoelbreve9: calls €0.05
*** FLOP *** [8d Td 6c]
barrilete77: checks 
pipinoelbreve9: checks 
kaou35: checks 
*** TURN *** [8d Td 6c] [Ts]
barrilete77: checks 
pipinoelbreve9: bets €0.10
kaou35: folds 
barrilete77: folds 
Uncalled bet (€0.10) returned to pipinoelbreve9
pipinoelbreve9 collected €0.20 from pot
pipinoelbreve9: doesn't show hand 
*** SUMMARY ***
Total pot €0.21 | Rake €0.01 
Board [8d Td 6c Ts]
Seat 1: Filipa_M856 (button) folded before Flop (didn't bet)
Seat 2: barrilete77 (small blind) folded on the Turn
Seat 3: pipinoelbreve9 (big blind) collected (€0.20)
Seat 4: kaou35 folded on the Turn
Seat 5: Jack el Duro folded before Flop (didn't bet)
Seat 6: zitoune84 folded before Flop (didn't bet)



PokerStars Zoom Hand #257870321170:  Hold'em No Limit (€0.01/€0.02) - 2025/09/24 17:43:12 CET [2025/09/24 11:43:12 ET]
Table 'Arneb' 6-max Seat #1 is the button
Seat 1: A Besta 666 (€2.01 in chips) 
Seat 2: Campelio (€1.65 in chips) 
Seat 3: Tyrandes4pattes (€3.66 in chips) 
Seat 4: pipinoelbreve9 (€2.17 in chips) 
Seat 5: LSCNBH (€1.85 in chips) 
Seat 6: kombei63 (€0.95 in chips) 
Campelio: posts small blind €0.01
Tyrandes4pattes: posts big blind €0.02
*** HOLE CARDS ***
Dealt to pipinoelbreve9 [5h 2h]
pipinoelbreve9: folds 
LSCNBH: raises €0.03 to €0.05
kombei63: folds 
A Besta 666: folds 
Campelio: folds 
Tyrandes4pattes: folds 
Uncalled bet (€0.03) returned to LSCNBH
LSCNBH collected €0.05 from pot
LSCNBH: doesn't show hand 
*** SUMMARY ***
Total pot €0.05 | Rake €0 
Seat 1: A Besta 666 (button) folded before Flop (didn't bet)
Seat 2: Campelio (small blind) folded before Flop
Seat 3: Tyrandes4pattes (big blind) folded before Flop
Seat 4: pipinoelbreve9 folded before Flop (didn't bet)
Seat 5: LSCNBH collected (€0.05)
Seat 6: kombei63 folded before Flop (didn't bet)



PokerStars Zoom Hand #257870321860:  Hold'em No Limit (€0.01/€0.02) - 2025/09/24 17:43:16 CET [2025/09/24 11:43:16 ET]
Table 'Arneb' 6-max Seat #1 is the button
Seat 1: Manuelopes1987 (€1.28 in chips) 
Seat 2: festas306 (€0.54 in chips) 
Seat 3: zitoune84 (€2.54 in chips) 
Seat 4: Jepeuxpasgagner (€1.76 in chips) 
Seat 5: LAROSA74 (€3.48 in chips) 
Seat 6: pipinoelbreve9 (€2.17 in chips) 
festas306: posts small blind €0.01
zitoune84: posts big blind €0.02
*** HOLE CARDS ***
Dealt to pipinoelbreve9 [2h 5d]
Jepeuxpasgagner: raises €0.08 to €0.10
LAROSA74: folds 
pipinoelbreve9: folds 
Manuelopes1987: folds 
festas306: raises €0.10 to €0.20
zitoune84: folds 
Jepeuxpasgagner: calls €0.10
*** FLOP *** [Qc Ah 8s]
festas306: bets €0.34 and is all-in
Jepeuxpasgagner: folds 
Uncalled bet (€0.34) returned to festas306
festas306 collected €0.40 from pot
festas306: doesn't show hand 
*** SUMMARY ***
Total pot €0.42 | Rake €0.02 
Board [Qc Ah 8s]
Seat 1: Manuelopes1987 (button) folded before Flop (didn't bet)
Seat 2: festas306 (small blind) collected (€0.40)
Seat 3: zitoune84 (big blind) folded before Flop
Seat 4: Jepeuxpasgagner folded on the Flop
Seat 5: LAROSA74 folded before Flop (didn't bet)
Seat 6: pipinoelbreve9 folded before Flop (didn't bet)



PokerStars Zoom Hand #257870323110:  Hold'em No Limit (€0.01/€0.02) - 2025/09/24 17:43:23 CET [2025/09/24 11:43:23 ET]
Table 'Arneb' 6-max Seat #1 is the button
Seat 1: klevis112126 (€4.48 in chips) 
Seat 2: pipinoelbreve9 (€2.17 in chips) 
Seat 3: A Besta 666 (€2.01 in chips) 
Seat 4: Nescoe (€4.19 in chips) 
Seat 5: Ferchyman77 (€2.29 in chips) 
Seat 6: navarro0712 (€2.74 in chips) 
pipinoelbreve9: posts small blind €0.01
A Besta 666: posts big blind €0.02
*** HOLE CARDS ***
Dealt to pipinoelbreve9 [5c 3c]
Nescoe: folds 
Ferchyman77: folds 
navarro0712: folds 
klevis112126: raises €0.03 to €0.05
pipinoelbreve9: folds 
A Besta 666: folds 
Uncalled bet (€0.03) returned to klevis112126
klevis112126 collected €0.05 from pot
klevis112126: doesn't show hand 
*** SUMMARY ***
Total pot €0.05 | Rake €0 
Seat 1: klevis112126 (button) collected (€0.05)
Seat 2: pipinoelbreve9 (small blind) folded before Flop
Seat 3: A Besta 666 (big blind) folded before Flop
Seat 4: Nescoe folded before Flop (didn't bet)
Seat 5: Ferchyman77 folded before Flop (didn't bet)
Seat 6: navarro0712 folded before Flop (didn't bet)



PokerStars Zoom Hand #257870325731:  Hold'em No Limit (€0.01/€0.02) - 2025/09/24 17:43:38 CET [2025/09/24 11:43:38 ET]
Table 'Arneb' 6-max Seat #1 is the button
Seat 1: pipinoelbreve9 (€2.16 in chips) 
Seat 2: Jepeuxpasgagner (€1.56 in chips) 
Seat 3: Fvieira1984 (€2 in chips) 
Seat 4: Jack el Duro (€10.17 in chips) 
Seat 5: LSCNBH (€2.28 in chips) 
Seat 6: CheckMate1346 (€2.26 in chips) 
Jepeuxpasgagner: posts small blind €0.01
Fvieira1984: posts big blind €0.02
*** HOLE CARDS ***
Dealt to pipinoelbreve9 [Ks Jh]
Jack el Duro: folds 
LSCNBH: folds 
CheckMate1346: folds 
pipinoelbreve9: raises €0.04 to €0.06
Jepeuxpasgagner: folds 
Fvieira1984: calls €0.04
*** FLOP *** [9d As 2s]
Fvieira1984: checks 
pipinoelbreve9: bets €0.04
Fvieira1984: calls €0.04
*** TURN *** [9d As 2s] [7d]
Fvieira1984: checks 
pipinoelbreve9: bets €0.10
Fvieira1984: calls €0.10
*** RIVER *** [9d As 2s 7d] [6h]
Fvieira1984: checks 
pipinoelbreve9: bets €0.20
Fvieira1984: calls €0.20
*** SHOW DOWN ***
pipinoelbreve9: shows [Ks Jh] (high card Ace)
Fvieira1984: shows [8s Ac] (a pair of Aces)
Fvieira1984 collected €0.77 from pot
*** SUMMARY ***
Total pot €0.81 | Rake €0.04 
Board [9d As 2s 7d 6h]
Seat 1: pipinoelbreve9 (button) showed [Ks Jh] and lost with high card Ace
Seat 2: Jepeuxpasgagner (small blind) folded before Flop
Seat 3: Fvieira1984 (big blind) showed [8s Ac] and won (€0.77) with a pair of Aces
Seat 4: Jack el Duro folded before Flop (didn't bet)
Seat 5: LSCNBH folded before Flop (didn't bet)
Seat 6: CheckMate1346 folded before Flop (didn't bet)



PokerStars Zoom Hand #257870334620:  Hold'em No Limit (€0.01/€0.02) - 2025/09/24 17:44:29 CET [2025/09/24 11:44:29 ET]
Table 'Arneb' 6-max Seat #1 is the button
Seat 1: Diamondsdogs (€2.13 in chips) 
Seat 2: LAROSA74 (€3.58 in chips) 
Seat 3: Tyrandes4pattes (€2.25 in chips) 
Seat 4: Clonetrik (€2 in chips) 
Seat 5: pipinoelbreve9 (€2 in chips) 
Seat 6: festas306 (€0.74 in chips) 
LAROSA74: posts small blind €0.01
Tyrandes4pattes: posts big blind €0.02
*** HOLE CARDS ***
Dealt to pipinoelbreve9 [9d Ks]
Clonetrik: raises €0.03 to €0.05
pipinoelbreve9: folds 
festas306: folds 
Diamondsdogs: folds 
LAROSA74: folds 
Tyrandes4pattes: folds 
Uncalled bet (€0.03) returned to Clonetrik
Clonetrik collected €0.05 from pot
Clonetrik: doesn't show hand 
*** SUMMARY ***
Total pot €0.05 | Rake €0 
Seat 1: Diamondsdogs (button) folded before Flop (didn't bet)
Seat 2: LAROSA74 (small blind) folded before Flop
Seat 3: Tyrandes4pattes (big blind) folded before Flop
Seat 4: Clonetrik collected (€0.05)
Seat 5: pipinoelbreve9 folded before Flop (didn't bet)
Seat 6: festas306 folded before Flop (didn't bet)



PokerStars Zoom Hand #257870336799:  Hold'em No Limit (€0.01/€0.02) - 2025/09/24 17:44:41 CET [2025/09/24 11:44:41 ET]
Table 'Arneb' 6-max Seat #1 is the button
Seat 1: Nescoe (€2.29 in chips) 
Seat 2: pingladi (€5.91 in chips) 
Seat 3: pipinoelbreve9 (€2 in chips) 
Seat 4: LSCNBH (€4.40 in chips) 
Seat 5: KerenR (€3.74 in chips) 
Seat 6: Mrbaison84 (€2.63 in chips) 
pingladi: posts small blind €0.01
pipinoelbreve9: posts big blind €0.02
*** HOLE CARDS ***
Dealt to pipinoelbreve9 [6c Kd]
LSCNBH: folds 
KerenR: folds 
Mrbaison84: raises €0.04 to €0.06
Nescoe: folds 
pingladi: folds 
pipinoelbreve9: calls €0.04
*** FLOP *** [Jd 5h 9d]
pipinoelbreve9: checks 
Mrbaison84: bets €0.09
pipinoelbreve9: folds 
Uncalled bet (€0.09) returned to Mrbaison84
Mrbaison84 collected €0.12 from pot
Mrbaison84: doesn't show hand 
*** SUMMARY ***
Total pot €0.13 | Rake €0.01 
Board [Jd 5h 9d]
Seat 1: Nescoe (button) folded before Flop (didn't bet)
Seat 2: pingladi (small blind) folded before Flop
Seat 3: pipinoelbreve9 (big blind) folded on the Flop
Seat 4: LSCNBH folded before Flop (didn't bet)
Seat 5: KerenR folded before Flop (didn't bet)
Seat 6: Mrbaison84 collected (€0.12)



PokerStars Zoom Hand #257870342705:  Hold'em No Limit (€0.01/€0.02) - 2025/09/24 17:45:14 CET [2025/09/24 11:45:14 ET]
Table 'Arneb' 6-max Seat #1 is the button
Seat 1: SMN242 (€4.81 in chips) 
Seat 2: LSCNBH (€3.20 in chips) 
Seat 3: TiberioSegundo (€1.55 in chips) 
Seat 4: KerenR (€4.06 in chips) 
Seat 5: Lucian Morel (€2.07 in chips) 
Seat 6: pipinoelbreve9 (€2 in chips) 
LSCNBH: posts small blind €0.01
TiberioSegundo: posts big blind €0.02
*** HOLE CARDS ***
Dealt to pipinoelbreve9 [8d Jd]
KerenR: folds 
Lucian Morel: folds 
pipinoelbreve9: folds 
SMN242: folds 
LSCNBH: folds 
Uncalled bet (€0.01) returned to TiberioSegundo
TiberioSegundo collected €0.02 from pot
TiberioSegundo: doesn't show hand 
*** SUMMARY ***
Total pot €0.02 | Rake €0 
Seat 1: SMN242 (button) folded before Flop (didn't bet)
Seat 2: LSCNBH (small blind) folded before Flop
Seat 3: TiberioSegundo (big blind) collected (€0.02)
Seat 4: KerenR folded before Flop (didn't bet)
Seat 5: Lucian Morel folded before Flop (didn't bet)
Seat 6: pipinoelbreve9 folded before Flop (didn't bet)



PokerStars Zoom Hand #257870341800:  Hold'em No Limit (€0.01/€0.02) - 2025/09/24 17:45:09 CET [2025/09/24 11:45:09 ET]
Table 'Arneb' 6-max Seat #1 is the button
Seat 1: kidmanxdx (€1.15 in chips) 
Seat 2: vicen7010 (€1.16 in chips) 
Seat 3: Fvieira1984 (€2.30 in chips) 
Seat 4: SMN242 (€4.81 in chips) 
Seat 5: pipinoelbreve9 (€2 in chips) 
Seat 6: LSCNBH (€4.41 in chips) 
vicen7010: posts small blind €0.01
Fvieira1984: posts big blind €0.02
*** HOLE CARDS ***
Dealt to pipinoelbreve9 [9d Jd]
SMN242: folds 
pipinoelbreve9: folds 
LSCNBH: folds 
kidmanxdx: folds 
vicen7010: calls €0.01
Fvieira1984: raises €0.06 to €0.08
vicen7010: folds 
Uncalled bet (€0.06) returned to Fvieira1984
Fvieira1984 collected €0.04 from pot
Fvieira1984: doesn't show hand 
*** SUMMARY ***
Total pot €0.04 | Rake €0 
Seat 1: kidmanxdx (button) folded before Flop (didn't bet)
Seat 2: vicen7010 (small blind) folded before Flop
Seat 3: Fvieira1984 (big blind) collected (€0.04)
Seat 4: SMN242 folded before Flop (didn't bet)
Seat 5: pipinoelbreve9 folded before Flop (didn't bet)
Seat 6: LSCNBH folded before Flop (didn't bet)



PokerStars Zoom Hand #257870345675:  Hold'em No Limit (€0.01/€0.02) - 2025/09/24 17:45:32 CET [2025/09/24 11:45:32 ET]
Table 'Arneb' 6-max Seat #1 is the button
Seat 1: LuDoPatataa (€3.20 in chips) 
Seat 2: pipinoelbreve9 (€2 in chips) 
Seat 3: M. Respetador (€6.79 in chips) 
Seat 4: LAROSA74 (€3.61 in chips) 
Seat 5: TiberioSegundo (€1.56 in chips) 
Seat 6: wakamayo3 (€2 in chips) 
pipinoelbreve9: posts small blind €0.01
M. Respetador: posts big blind €0.02
*** HOLE CARDS ***
Dealt to pipinoelbreve9 [5s 9h]
LAROSA74: folds 
TiberioSegundo: folds 
wakamayo3: folds 
LuDoPatataa: folds 
pipinoelbreve9: folds 
Uncalled bet (€0.01) returned to M. Respetador
M. Respetador collected €0.02 from pot
M. Respetador: doesn't show hand 
*** SUMMARY ***
Total pot €0.02 | Rake €0 
Seat 1: LuDoPatataa (button) folded before Flop (didn't bet)
Seat 2: pipinoelbreve9 (small blind) folded before Flop
Seat 3: M. Respetador (big blind) collected (€0.02)
Seat 4: LAROSA74 folded before Flop (didn't bet)
Seat 5: TiberioSegundo folded before Flop (didn't bet)
Seat 6: wakamayo3 folded before Flop (didn't bet)



PokerStars Zoom Hand #257870348217:  Hold'em No Limit (€0.01/€0.02) - 2025/09/24 17:45:47 CET [2025/09/24 11:45:47 ET]
Table 'Arneb' 6-max Seat #1 is the button
Seat 1: LAROSA74 (€3.62 in chips) 
Seat 2: wakamayo3 (€2 in chips) 
Seat 3: pipinoelbreve9 (€2 in chips) 
Seat 4: AnaMaku (€2.06 in chips) 
Seat 5: SrLyrox (€2.80 in chips) 
Seat 6: booster74 (€2.14 in chips) 
wakamayo3: posts small blind €0.01
pipinoelbreve9: posts big blind €0.02
*** HOLE CARDS ***
Dealt to pipinoelbreve9 [4c As]
AnaMaku: folds 
SrLyrox: raises €0.04 to €0.06
booster74: folds 
LAROSA74: calls €0.06
wakamayo3: raises €0.24 to €0.30
pipinoelbreve9: folds 
SrLyrox: folds 
LAROSA74: folds 
Uncalled bet (€0.24) returned to wakamayo3
wakamayo3 collected €0.20 from pot
wakamayo3: doesn't show hand 
*** SUMMARY ***
Total pot €0.20 | Rake €0 
Seat 1: LAROSA74 (button) folded before Flop
Seat 2: wakamayo3 (small blind) collected (€0.20)
Seat 3: pipinoelbreve9 (big blind) folded before Flop
Seat 4: AnaMaku folded before Flop (didn't bet)
Seat 5: SrLyrox folded before Flop
Seat 6: booster74 folded before Flop (didn't bet)



PokerStars Zoom Hand #257870352404:  Hold'em No Limit (€0.01/€0.02) - 2025/09/24 17:46:11 CET [2025/09/24 11:46:11 ET]
Table 'Arneb' 6-max Seat #1 is the button
Seat 1: Filipa_M856 (€1.46 in chips) 
Seat 2: frtuber (€3.14 in chips) 
Seat 3: Jepeuxpasgagner (€1.53 in chips) 
Seat 4: pipinoelbreve9 (€2 in chips) 
Seat 5: Manuelopes1987 (€1.84 in chips) 
Seat 6: Egnom # 01 (€1.95 in chips) 
frtuber: posts small blind €0.01
Jepeuxpasgagner: posts big blind €0.02
*** HOLE CARDS ***
Dealt to pipinoelbreve9 [Kd Js]
pipinoelbreve9: raises €0.04 to €0.06
Manuelopes1987: folds 
Egnom # 01: folds 
Filipa_M856: folds 
frtuber: folds 
Jepeuxpasgagner: folds 
Uncalled bet (€0.04) returned to pipinoelbreve9
pipinoelbreve9 collected €0.05 from pot
pipinoelbreve9: doesn't show hand 
*** SUMMARY ***
Total pot €0.05 | Rake €0 
Seat 1: Filipa_M856 (button) folded before Flop (didn't bet)
Seat 2: frtuber (small blind) folded before Flop
Seat 3: Jepeuxpasgagner (big blind) folded before Flop
Seat 4: pipinoelbreve9 collected (€0.05)
Seat 5: Manuelopes1987 folded before Flop (didn't bet)
Seat 6: Egnom # 01 folded before Flop (didn't bet)



PokerStars Zoom Hand #257870347661:  Hold'em No Limit (€0.01/€0.02) - 2025/09/24 17:45:43 CET [2025/09/24 11:45:43 ET]
Table 'Arneb' 6-max Seat #1 is the button
Seat 1: SMN242 (€4.78 in chips) 
Seat 2: pingladi (€3.25 in chips) 
Seat 3: kombei63 (€0.95 in chips) 
Seat 4: pipinoelbreve9 (€2 in chips) 
Seat 5: KerenR (€3.74 in chips) 
Seat 6: Ferchyman77 (€2.07 in chips) 
pingladi: posts small blind €0.01
kombei63: posts big blind €0.02
*** HOLE CARDS ***
Dealt to pipinoelbreve9 [5d 8c]
pipinoelbreve9: folds 
KerenR: folds 
Ferchyman77: folds 
SMN242: raises €0.03 to €0.05
pingladi: folds 
kombei63: calls €0.03
*** FLOP *** [2d Jh Jd]
kombei63: checks 
SMN242: checks 
*** TURN *** [2d Jh Jd] [Ad]
kombei63: bets €0.03
SMN242: calls €0.03
*** RIVER *** [2d Jh Jd Ad] [3d]
kombei63: checks 
SMN242: checks 
*** SHOW DOWN ***
kombei63: shows [Jc Ks] (three of a kind, Jacks)
SMN242: mucks hand 
kombei63 collected €0.16 from pot
*** SUMMARY ***
Total pot €0.17 | Rake €0.01 
Board [2d Jh Jd Ad 3d]
Seat 1: SMN242 (button) mucked [Ah 4s]
Seat 2: pingladi (small blind) folded before Flop
Seat 3: kombei63 (big blind) showed [Jc Ks] and won (€0.16) with three of a kind, Jacks
Seat 4: pipinoelbreve9 folded before Flop (didn't bet)
Seat 5: KerenR folded before Flop (didn't bet)
Seat 6: Ferchyman77 folded before Flop (didn't bet)



PokerStars Zoom Hand #257870343666:  Hold'em No Limit (€0.01/€0.02) - 2025/09/24 17:45:20 CET [2025/09/24 11:45:20 ET]
Table 'Arneb' 6-max Seat #1 is the button
Seat 1: pipinoelbreve9 (€2 in chips) 
Seat 2: Ruben1990869 (€2.01 in chips) 
Seat 3: SMN242 (€4.81 in chips) 
Seat 4: Jack el Duro (€2.46 in chips) 
Seat 5: SmOuL123 (€0.93 in chips) 
Seat 6: pingladi (€5.93 in chips) 
Ruben1990869: posts small blind €0.01
SMN242: posts big blind €0.02
*** HOLE CARDS ***
Dealt to pipinoelbreve9 [Qh 7h]
Jack el Duro: raises €0.03 to €0.05
SmOuL123: calls €0.05
pingladi: raises €0.15 to €0.20
pipinoelbreve9: folds 
Ruben1990869: folds 
SMN242: folds 
Jack el Duro: calls €0.15
SmOuL123: calls €0.15
*** FLOP *** [Qd 2d 9s]
Jack el Duro: checks 
SmOuL123: checks 
pingladi: bets €0.15
Jack el Duro: folds 
SmOuL123: calls €0.15
*** TURN *** [Qd 2d 9s] [4h]
SmOuL123: checks 
pingladi: bets €0.58
SmOuL123: folds 
Uncalled bet (€0.58) returned to pingladi
pingladi collected €0.88 from pot
pingladi: doesn't show hand 
*** SUMMARY ***
Total pot €0.93 | Rake €0.05 
Board [Qd 2d 9s 4h]
Seat 1: pipinoelbreve9 (button) folded before Flop (didn't bet)
Seat 2: Ruben1990869 (small blind) folded before Flop
Seat 3: SMN242 (big blind) folded before Flop
Seat 4: Jack el Duro folded on the Flop
Seat 5: SmOuL123 folded on the Turn
Seat 6: pingladi collected (€0.88)



PokerStars Zoom Hand #257870351907:  Hold'em No Limit (€0.01/€0.02) - 2025/09/24 17:46:08 CET [2025/09/24 11:46:08 ET]
Table 'Arneb' 6-max Seat #1 is the button
Seat 1: OfTheBlonde (€2.44 in chips) 
Seat 2: booster74 (€2.12 in chips) 
Seat 3: KerenR (€3.74 in chips) 
Seat 4: Elons_Mucks (€6.81 in chips) 
Seat 5: burgoa89 (€1.97 in chips) 
Seat 6: pipinoelbreve9 (€2 in chips) 
booster74: posts small blind €0.01
KerenR: posts big blind €0.02
*** HOLE CARDS ***
Dealt to pipinoelbreve9 [4c 2s]
Elons_Mucks: folds 
burgoa89: folds 
pipinoelbreve9: folds 
OfTheBlonde: raises €0.03 to €0.05
booster74: folds 
KerenR: folds 
Uncalled bet (€0.03) returned to OfTheBlonde
OfTheBlonde collected €0.05 from pot
OfTheBlonde: doesn't show hand 
*** SUMMARY ***
Total pot €0.05 | Rake €0 
Seat 1: OfTheBlonde (button) collected (€0.05)
Seat 2: booster74 (small blind) folded before Flop
Seat 3: KerenR (big blind) folded before Flop
Seat 4: Elons_Mucks folded before Flop (didn't bet)
Seat 5: burgoa89 folded before Flop (didn't bet)
Seat 6: pipinoelbreve9 folded before Flop (didn't bet)



PokerStars Zoom Hand #257870350926:  Hold'em No Limit (€0.01/€0.02) - 2025/09/24 17:46:02 CET [2025/09/24 11:46:02 ET]
Table 'Arneb' 6-max Seat #1 is the button
Seat 1: LSCNBH (€1.67 in chips) 
Seat 2: AnaMaku (€2.06 in chips) 
Seat 3: Ruben1990869 (€2.14 in chips) 
Seat 4: pipinoelbreve9 (€2 in chips) 
Seat 5: frtuber (€2.35 in chips) 
Seat 6: A Besta 666 (€1.89 in chips) 
AnaMaku: posts small blind €0.01
Ruben1990869: posts big blind €0.02
*** HOLE CARDS ***
Dealt to pipinoelbreve9 [8s Js]
pipinoelbreve9: folds 
frtuber: folds 
A Besta 666: folds 
LSCNBH: folds 
AnaMaku: calls €0.01
Ruben1990869: checks 
*** FLOP *** [9s 9h 7c]
AnaMaku: checks 
Ruben1990869: checks 
*** TURN *** [9s 9h 7c] [7h]
AnaMaku: checks 
Ruben1990869: checks 
*** RIVER *** [9s 9h 7c 7h] [Qc]
AnaMaku: checks 
Ruben1990869: checks 
*** SHOW DOWN ***
AnaMaku: shows [Ts 6s] (two pair, Nines and Sevens)
Ruben1990869: shows [As 6h] (two pair, Nines and Sevens - Ace kicker)
Ruben1990869 collected €0.04 from pot
*** SUMMARY ***
Total pot €0.04 | Rake €0 
Board [9s 9h 7c 7h Qc]
Seat 1: LSCNBH (button) folded before Flop (didn't bet)
Seat 2: AnaMaku (small blind) showed [Ts 6s] and lost with two pair, Nines and Sevens
Seat 3: Ruben1990869 (big blind) showed [As 6h] and won (€0.04) with two pair, Nines and Sevens
Seat 4: pipinoelbreve9 folded before Flop (didn't bet)
Seat 5: frtuber folded before Flop (didn't bet)
Seat 6: A Besta 666 folded before Flop (didn't bet)



PokerStars Zoom Hand #257870354497:  Hold'em No Limit (€0.01/€0.02) - 2025/09/24 17:46:23 CET [2025/09/24 11:46:23 ET]
Table 'Arneb' 6-max Seat #1 is the button
Seat 1: DarthRose (€2 in chips) 
Seat 2: pipinoelbreve9 (€2.03 in chips) 
Seat 3: KerenR (€4.03 in chips) 
Seat 4: frtuber (€3.13 in chips) 
Seat 5: tanoun1 (€3.82 in chips) 
Seat 6: Ferchyman77 (€2.44 in chips) 
pipinoelbreve9: posts small blind €0.01
KerenR: posts big blind €0.02
*** HOLE CARDS ***
Dealt to pipinoelbreve9 [Qc As]
frtuber: folds 
tanoun1: folds 
Ferchyman77: folds 
DarthRose: raises €0.04 to €0.06
pipinoelbreve9: raises €0.12 to €0.18
KerenR: folds 
DarthRose: folds 
Uncalled bet (€0.12) returned to pipinoelbreve9
pipinoelbreve9 collected €0.14 from pot
pipinoelbreve9: doesn't show hand 
*** SUMMARY ***
Total pot €0.14 | Rake €0 
Seat 1: DarthRose (button) folded before Flop
Seat 2: pipinoelbreve9 (small blind) collected (€0.14)
Seat 3: KerenR (big blind) folded before Flop
Seat 4: frtuber folded before Flop (didn't bet)
Seat 5: tanoun1 folded before Flop (didn't bet)
Seat 6: Ferchyman77 folded before Flop (didn't bet)



PokerStars Zoom Hand #257870358130:  Hold'em No Limit (€0.01/€0.02) - 2025/09/24 17:46:44 CET [2025/09/24 11:46:44 ET]
Table 'Arneb' 6-max Seat #1 is the button
Seat 1: pipinoelbreve9 (€2.11 in chips) 
Seat 2: KerenR (€4.01 in chips) 
Seat 3: basurdia (€2 in chips) 
Seat 4: burgoa89 (€2.05 in chips) 
Seat 5: Tyrandes4pattes (€2.59 in chips) 
Seat 6: SrLyrox (€1.95 in chips) 
KerenR: posts small blind €0.01
basurdia: posts big blind €0.02
*** HOLE CARDS ***
Dealt to pipinoelbreve9 [Th 5h]
burgoa89: folds 
Tyrandes4pattes: folds 
SrLyrox: folds 
pipinoelbreve9: raises €0.04 to €0.06
KerenR: folds 
basurdia: raises €0.22 to €0.28
pipinoelbreve9: folds 
Uncalled bet (€0.22) returned to basurdia
basurdia collected €0.13 from pot
basurdia: doesn't show hand 
*** SUMMARY ***
Total pot €0.13 | Rake €0 
Seat 1: pipinoelbreve9 (button) folded before Flop
Seat 2: KerenR (small blind) folded before Flop
Seat 3: basurdia (big blind) collected (€0.13)
Seat 4: burgoa89 folded before Flop (didn't bet)
Seat 5: Tyrandes4pattes folded before Flop (didn't bet)
Seat 6: SrLyrox folded before Flop (didn't bet)



PokerStars Zoom Hand #257870362598:  Hold'em No Limit (€0.01/€0.02) - 2025/09/24 17:47:09 CET [2025/09/24 11:47:09 ET]
Table 'Arneb' 6-max Seat #1 is the button
Seat 1: Abrelatas787 (€2.10 in chips) 
Seat 2: A Besta 666 (€3.24 in chips) 
Seat 3: kaou35 (€3.61 in chips) 
Seat 4: LSCNBH (€2.17 in chips) 
Seat 5: Egnom # 01 (€1.93 in chips) 
Seat 6: pipinoelbreve9 (€2.05 in chips) 
A Besta 666: posts small blind €0.01
kaou35: posts big blind €0.02
*** HOLE CARDS ***
Dealt to pipinoelbreve9 [4c 3c]
LSCNBH: folds 
Egnom # 01: calls €0.02
pipinoelbreve9: calls €0.02
Abrelatas787: folds 
A Besta 666: calls €0.01
kaou35: checks 
*** FLOP *** [3h Ad 6s]
A Besta 666: checks 
kaou35: checks 
Egnom # 01: checks 
pipinoelbreve9: bets €0.04
A Besta 666: calls €0.04
kaou35: folds 
Egnom # 01: folds 
*** TURN *** [3h Ad 6s] [2d]
A Besta 666: checks 
pipinoelbreve9: bets €0.06
A Besta 666: calls €0.06
*** RIVER *** [3h Ad 6s 2d] [Qh]
A Besta 666: checks 
pipinoelbreve9: checks 
*** SHOW DOWN ***
A Besta 666: shows [5d Ac] (a pair of Aces)
pipinoelbreve9: mucks hand 
A Besta 666 collected €0.27 from pot
*** SUMMARY ***
Total pot €0.28 | Rake €0.01 
Board [3h Ad 6s 2d Qh]
Seat 1: Abrelatas787 (button) folded before Flop (didn't bet)
Seat 2: A Besta 666 (small blind) showed [5d Ac] and won (€0.27) with a pair of Aces
Seat 3: kaou35 (big blind) folded on the Flop
Seat 4: LSCNBH folded before Flop (didn't bet)
Seat 5: Egnom # 01 folded on the Flop
Seat 6: pipinoelbreve9 mucked [4c 3c]



PokerStars Zoom Hand #257870369963:  Hold'em No Limit (€0.01/€0.02) - 2025/09/24 17:47:51 CET [2025/09/24 11:47:51 ET]
Table 'Arneb' 6-max Seat #1 is the button
Seat 1: klevis112126 (€4.46 in chips) 
Seat 2: CheckMate1346 (€2.03 in chips) 
Seat 3: A Besta 666 (€3.39 in chips) 
Seat 4: SrLyrox (€2.74 in chips) 
Seat 5: pipinoelbreve9 (€2 in chips) 
Seat 6: Olga197153 (€1.46 in chips) 
CheckMate1346: posts small blind €0.01
A Besta 666: posts big blind €0.02
*** HOLE CARDS ***
Dealt to pipinoelbreve9 [Qd Kd]
SrLyrox: folds 
pipinoelbreve9: raises €0.04 to €0.06
Olga197153: folds 
klevis112126: folds 
CheckMate1346: folds 
A Besta 666: folds 
Uncalled bet (€0.04) returned to pipinoelbreve9
pipinoelbreve9 collected €0.05 from pot
pipinoelbreve9: doesn't show hand 
*** SUMMARY ***
Total pot €0.05 | Rake €0 
Seat 1: klevis112126 (button) folded before Flop (didn't bet)
Seat 2: CheckMate1346 (small blind) folded before Flop
Seat 3: A Besta 666 (big blind) folded before Flop
Seat 4: SrLyrox folded before Flop (didn't bet)
Seat 5: pipinoelbreve9 collected (€0.05)
Seat 6: Olga197153 folded before Flop (didn't bet)



PokerStars Zoom Hand #257870372204:  Hold'em No Limit (€0.01/€0.02) - 2025/09/24 17:48:04 CET [2025/09/24 11:48:04 ET]
Table 'Arneb' 6-max Seat #1 is the button
Seat 1: EktorKing (€2.60 in chips) 
Seat 2: Diamondsdogs (€2.13 in chips) 
Seat 3: pipinoelbreve9 (€2.03 in chips) 
Seat 4: Janpaul112 (€2 in chips) 
Seat 5: Olga197153 (€1.44 in chips) 
Seat 6: Egnom # 01 (€1.91 in chips) 
Diamondsdogs: posts small blind €0.01
pipinoelbreve9: posts big blind €0.02
*** HOLE CARDS ***
Dealt to pipinoelbreve9 [Qc 4c]
Janpaul112: folds 
Olga197153: raises €0.02 to €0.04
Egnom # 01: folds 
EktorKing: folds 
Diamondsdogs: folds 
pipinoelbreve9: calls €0.02
*** FLOP *** [Kd Jd Td]
pipinoelbreve9: checks 
Olga197153: bets €0.09
pipinoelbreve9: calls €0.09
*** TURN *** [Kd Jd Td] [7s]
pipinoelbreve9: checks 
Olga197153: bets €0.26
pipinoelbreve9: calls €0.26
*** RIVER *** [Kd Jd Td 7s] [9h]
pipinoelbreve9: checks 
Olga197153: bets €1.05 and is all-in
pipinoelbreve9: calls €1.05
*** SHOW DOWN ***
Olga197153: shows [Qd 6d] (a flush, King high)
pipinoelbreve9: shows [Qc 4c] (a straight, Nine to King)
Olga197153 collected €2.75 from pot
*** SUMMARY ***
Total pot €2.89 | Rake €0.14 
Board [Kd Jd Td 7s 9h]
Seat 1: EktorKing (button) folded before Flop (didn't bet)
Seat 2: Diamondsdogs (small blind) folded before Flop
Seat 3: pipinoelbreve9 (big blind) showed [Qc 4c] and lost with a straight, Nine to King
Seat 4: Janpaul112 folded before Flop (didn't bet)
Seat 5: Olga197153 showed [Qd 6d] and won (€2.75) with a flush, King high
Seat 6: Egnom # 01 folded before Flop (didn't bet)



PokerStars Zoom Hand #257870378626:  Hold'em No Limit (€0.01/€0.02) - 2025/09/24 17:48:41 CET [2025/09/24 11:48:41 ET]
Table 'Arneb' 6-max Seat #1 is the button
Seat 1: klevis112126 (€4.51 in chips) 
Seat 2: pipinoelbreve9 (€2 in chips) 
Seat 3: nukilla888 (€1.24 in chips) 
Seat 4: wakamayo3 (€2 in chips) 
Seat 5: kaou35 (€3.44 in chips) 
Seat 6: TiberioSegundo (€2.17 in chips) 
pipinoelbreve9: posts small blind €0.01
nukilla888: posts big blind €0.02
*** HOLE CARDS ***
Dealt to pipinoelbreve9 [4s Ks]
wakamayo3: folds 
kaou35: folds 
TiberioSegundo: raises €0.02 to €0.04
klevis112126: folds 
pipinoelbreve9: calls €0.03
nukilla888: folds 
*** FLOP *** [4d 4h 2h]
pipinoelbreve9: checks 
TiberioSegundo: checks 
*** TURN *** [4d 4h 2h] [Js]
pipinoelbreve9: bets €0.05
TiberioSegundo: folds 
Uncalled bet (€0.05) returned to pipinoelbreve9
pipinoelbreve9 collected €0.10 from pot
pipinoelbreve9: doesn't show hand 
*** SUMMARY ***
Total pot €0.10 | Rake €0 
Board [4d 4h 2h Js]
Seat 1: klevis112126 (button) folded before Flop (didn't bet)
Seat 2: pipinoelbreve9 (small blind) collected (€0.10)
Seat 3: nukilla888 (big blind) folded before Flop
Seat 4: wakamayo3 folded before Flop (didn't bet)
Seat 5: kaou35 folded before Flop (didn't bet)
Seat 6: TiberioSegundo folded on the Turn



PokerStars Zoom Hand #257870386518:  Hold'em No Limit (€0.01/€0.02) - 2025/09/24 17:49:27 CET [2025/09/24 11:49:27 ET]
Table 'Arneb' 6-max Seat #1 is the button
Seat 1: pipinoelbreve9 (€2.06 in chips) 
Seat 2: OfTheBlonde (€2 in chips) 
Seat 3: Lucian Morel (€2.31 in chips) 
Seat 4: LSCNBH (€2.19 in chips) 
Seat 5: vicen7010 (€1.25 in chips) 
Seat 6: Nescoe (€2 in chips) 
OfTheBlonde: posts small blind €0.01
Lucian Morel: posts big blind €0.02
*** HOLE CARDS ***
Dealt to pipinoelbreve9 [Jh Jc]
LSCNBH: raises €0.03 to €0.05
vicen7010: folds 
Nescoe: folds 
pipinoelbreve9: raises €0.09 to €0.14
OfTheBlonde: folds 
Lucian Morel: folds 
LSCNBH: folds 
Uncalled bet (€0.09) returned to pipinoelbreve9
pipinoelbreve9 collected €0.13 from pot
pipinoelbreve9: doesn't show hand 
*** SUMMARY ***
Total pot €0.13 | Rake €0 
Seat 1: pipinoelbreve9 (button) collected (€0.13)
Seat 2: OfTheBlonde (small blind) folded before Flop
Seat 3: Lucian Morel (big blind) folded before Flop
Seat 4: LSCNBH folded before Flop
Seat 5: vicen7010 folded before Flop (didn't bet)
Seat 6: Nescoe folded before Flop (didn't bet)



PokerStars Zoom Hand #257870393790:  Hold'em No Limit (€0.01/€0.02) - 2025/09/24 17:50:08 CET [2025/09/24 11:50:08 ET]
Table 'Arneb' 6-max Seat #1 is the button
Seat 1: Ferchyman77 (€2.49 in chips) 
Seat 2: Manuelopes1987 (€1.74 in chips) 
Seat 3: OfTheBlonde (€2 in chips) 
Seat 4: Nicanor Cast (€2.10 in chips) 
Seat 5: Janpaul112 (€2.04 in chips) 
Seat 6: pipinoelbreve9 (€2.14 in chips) 
Manuelopes1987: posts small blind €0.01
OfTheBlonde: posts big blind €0.02
*** HOLE CARDS ***
Dealt to pipinoelbreve9 [Qh 7h]
Nicanor Cast: folds 
Janpaul112: folds 
pipinoelbreve9: raises €0.04 to €0.06
Ferchyman77: folds 
Manuelopes1987: folds 
OfTheBlonde: folds 
Uncalled bet (€0.04) returned to pipinoelbreve9
pipinoelbreve9 collected €0.05 from pot
pipinoelbreve9: doesn't show hand 
*** SUMMARY ***
Total pot €0.05 | Rake €0 
Seat 1: Ferchyman77 (button) folded before Flop (didn't bet)
Seat 2: Manuelopes1987 (small blind) folded before Flop
Seat 3: OfTheBlonde (big blind) folded before Flop
Seat 4: Nicanor Cast folded before Flop (didn't bet)
Seat 5: Janpaul112 folded before Flop (didn't bet)
Seat 6: pipinoelbreve9 collected (€0.05)



PokerStars Zoom Hand #257870390933:  Hold'em No Limit (€0.01/€0.02) - 2025/09/24 17:49:52 CET [2025/09/24 11:49:52 ET]
Table 'Arneb' 6-max Seat #1 is the button
Seat 1: EktorKing (€2.54 in chips) 
Seat 2: Dems255 (€4.92 in chips) 
Seat 3: Ferchyman77 (€2.50 in chips) 
Seat 4: pipinoelbreve9 (€2.14 in chips) 
Seat 5: Lucian Morel (€2.03 in chips) 
Seat 6: booster74 (€2 in chips) 
Dems255: posts small blind €0.01
Ferchyman77: posts big blind €0.02
*** HOLE CARDS ***
Dealt to pipinoelbreve9 [8h As]
pipinoelbreve9: folds 
Lucian Morel: folds 
booster74: raises €0.04 to €0.06
EktorKing: calls €0.06
Dems255: folds 
Ferchyman77: folds 
*** FLOP *** [9h Jc 7c]
booster74: bets €0.12
EktorKing: folds 
Uncalled bet (€0.12) returned to booster74
booster74 collected €0.14 from pot
booster74: doesn't show hand 
*** SUMMARY ***
Total pot €0.15 | Rake €0.01 
Board [9h Jc 7c]
Seat 1: EktorKing (button) folded on the Flop
Seat 2: Dems255 (small blind) folded before Flop
Seat 3: Ferchyman77 (big blind) folded before Flop
Seat 4: pipinoelbreve9 folded before Flop (didn't bet)
Seat 5: Lucian Morel folded before Flop (didn't bet)
Seat 6: booster74 collected (€0.14)



PokerStars Zoom Hand #257870396865:  Hold'em No Limit (€0.01/€0.02) - 2025/09/24 17:50:26 CET [2025/09/24 11:50:26 ET]
Table 'Arneb' 6-max Seat #1 is the button
Seat 1: Power929929 (€2.22 in chips) 
Seat 2: SMN242 (€4.93 in chips) 
Seat 3: pipinoelbreve9 (€2.17 in chips) 
Seat 4: EktorKing (€2.48 in chips) 
Seat 5: freddy76969 (€2.30 in chips) 
Seat 6: ferapote (€5.44 in chips) 
SMN242: posts small blind €0.01
pipinoelbreve9: posts big blind €0.02
*** HOLE CARDS ***
Dealt to pipinoelbreve9 [2h Kc]
EktorKing: folds 
freddy76969: folds 
ferapote: raises €0.03 to €0.05
Power929929: folds 
SMN242: folds 
pipinoelbreve9: folds 
Uncalled bet (€0.03) returned to ferapote
ferapote collected €0.05 from pot
ferapote: doesn't show hand 
*** SUMMARY ***
Total pot €0.05 | Rake €0 
Seat 1: Power929929 (button) folded before Flop (didn't bet)
Seat 2: SMN242 (small blind) folded before Flop
Seat 3: pipinoelbreve9 (big blind) folded before Flop
Seat 4: EktorKing folded before Flop (didn't bet)
Seat 5: freddy76969 folded before Flop (didn't bet)
Seat 6: ferapote collected (€0.05)



PokerStars Zoom Hand #257870392560:  Hold'em No Limit (€0.01/€0.02) - 2025/09/24 17:50:01 CET [2025/09/24 11:50:01 ET]
Table 'Arneb' 6-max Seat #1 is the button
Seat 1: wakamayo3 (€2.15 in chips) 
Seat 2: navarro0712 (€1.94 in chips) 
Seat 3: Nescoe (€2.04 in chips) 
Seat 4: DarthRose (€2 in chips) 
Seat 5: pipinoelbreve9 (€2.14 in chips) 
Seat 6: SrLyrox (€2.44 in chips) 
navarro0712: posts small blind €0.01
Nescoe: posts big blind €0.02
*** HOLE CARDS ***
Dealt to pipinoelbreve9 [8h Js]
DarthRose: raises €0.04 to €0.06
pipinoelbreve9: folds 
SrLyrox: folds 
wakamayo3: calls €0.06
navarro0712: folds 
Nescoe: calls €0.04
*** FLOP *** [As 8s Jh]
Nescoe: checks 
DarthRose: checks 
wakamayo3: checks 
*** TURN *** [As 8s Jh] [4c]
Nescoe: checks 
DarthRose: bets €0.09
wakamayo3: calls €0.09
Nescoe: folds 
*** RIVER *** [As 8s Jh 4c] [Kc]
DarthRose: checks 
wakamayo3: bets €0.11
DarthRose: folds 
Uncalled bet (€0.11) returned to wakamayo3
wakamayo3 collected €0.35 from pot
wakamayo3: doesn't show hand 
*** SUMMARY ***
Total pot €0.37 | Rake €0.02 
Board [As 8s Jh 4c Kc]
Seat 1: wakamayo3 (button) collected (€0.35)
Seat 2: navarro0712 (small blind) folded before Flop
Seat 3: Nescoe (big blind) folded on the Turn
Seat 4: DarthRose folded on the River
Seat 5: pipinoelbreve9 folded before Flop (didn't bet)
Seat 6: SrLyrox folded before Flop (didn't bet)



PokerStars Zoom Hand #257870398617:  Hold'em No Limit (€0.01/€0.02) - 2025/09/24 17:50:36 CET [2025/09/24 11:50:36 ET]
Table 'Arneb' 6-max Seat #1 is the button
Seat 1: klevis112126 (€4.55 in chips) 
Seat 2: pipinoelbreve9 (€2.15 in chips) 
Seat 3: Ferchyman77 (€2.06 in chips) 
Seat 4: Jepeuxpasgagner (€2.81 in chips) 
Seat 5: ferapote (€2.29 in chips) 
Seat 6: SrLyrox (€1.85 in chips) 
pipinoelbreve9: posts small blind €0.01
Ferchyman77: posts big blind €0.02
*** HOLE CARDS ***
Dealt to pipinoelbreve9 [5s Jc]
Jepeuxpasgagner: raises €0.06 to €0.08
ferapote: folds 
SrLyrox: folds 
klevis112126: folds 
pipinoelbreve9: folds 
Ferchyman77: folds 
Uncalled bet (€0.06) returned to Jepeuxpasgagner
Jepeuxpasgagner collected €0.05 from pot
Jepeuxpasgagner: doesn't show hand 
*** SUMMARY ***
Total pot €0.05 | Rake €0 
Seat 1: klevis112126 (button) folded before Flop (didn't bet)
Seat 2: pipinoelbreve9 (small blind) folded before Flop
Seat 3: Ferchyman77 (big blind) folded before Flop
Seat 4: Jepeuxpasgagner collected (€0.05)
Seat 5: ferapote folded before Flop (didn't bet)
Seat 6: SrLyrox folded before Flop (didn't bet)



PokerStars Zoom Hand #257870401099:  Hold'em No Limit (€0.01/€0.02) - 2025/09/24 17:50:49 CET [2025/09/24 11:50:49 ET]
Table 'Arneb' 6-max Seat #1 is the button
Seat 1: A Besta 666 (€1.91 in chips) 
Seat 2: kaou35 (€3.55 in chips) 
Seat 3: metamex (€2 in chips) 
Seat 4: Janpaul112 (€2.39 in chips) 
Seat 5: pipinoelbreve9 (€2.14 in chips) 
Seat 6: Jack el Duro (€11.07 in chips) 
kaou35: posts small blind €0.01
metamex: posts big blind €0.02
*** HOLE CARDS ***
Dealt to pipinoelbreve9 [2c Ks]
Janpaul112: folds 
pipinoelbreve9: folds 
Jack el Duro: folds 
A Besta 666: folds 
kaou35: folds 
Uncalled bet (€0.01) returned to metamex
metamex collected €0.02 from pot
metamex: doesn't show hand 
*** SUMMARY ***
Total pot €0.02 | Rake €0 
Seat 1: A Besta 666 (button) folded before Flop (didn't bet)
Seat 2: kaou35 (small blind) folded before Flop
Seat 3: metamex (big blind) collected (€0.02)
Seat 4: Janpaul112 folded before Flop (didn't bet)
Seat 5: pipinoelbreve9 folded before Flop (didn't bet)
Seat 6: Jack el Duro folded before Flop (didn't bet)



PokerStars Zoom Hand #257870400286:  Hold'em No Limit (€0.01/€0.02) - 2025/09/24 17:50:45 CET [2025/09/24 11:50:45 ET]
Table 'Arneb' 6-max Seat #1 is the button
Seat 1: pipinoelbreve9 (€2.14 in chips) 
Seat 2: Ferchyman77 (€2.47 in chips) 
Seat 3: farol73 (€1.24 in chips) 
Seat 4: Lucian Morel (€2.25 in chips) 
Seat 5: klevis112126 (€4.55 in chips) 
Seat 6: Pirabom (€1.09 in chips) 
Ferchyman77: posts small blind €0.01
farol73: posts big blind €0.02
*** HOLE CARDS ***
Dealt to pipinoelbreve9 [8h 4d]
Lucian Morel: folds 
klevis112126: folds 
Pirabom: folds 
pipinoelbreve9: folds 
Ferchyman77: folds 
Uncalled bet (€0.01) returned to farol73
farol73 collected €0.02 from pot
farol73: doesn't show hand 
*** SUMMARY ***
Total pot €0.02 | Rake €0 
Seat 1: pipinoelbreve9 (button) folded before Flop (didn't bet)
Seat 2: Ferchyman77 (small blind) folded before Flop
Seat 3: farol73 (big blind) collected (€0.02)
Seat 4: Lucian Morel folded before Flop (didn't bet)
Seat 5: klevis112126 folded before Flop (didn't bet)
Seat 6: Pirabom folded before Flop (didn't bet)



PokerStars Zoom Hand #257870401840:  Hold'em No Limit (€0.01/€0.02) - 2025/09/24 17:50:53 CET [2025/09/24 11:50:53 ET]
Table 'Arneb' 6-max Seat #1 is the button
Seat 1: OfTheBlonde (€2.49 in chips) 
Seat 2: SMN242 (€4.90 in chips) 
Seat 3: pingladi (€3.21 in chips) 
Seat 4: Power929929 (€2 in chips) 
Seat 5: basurdia (€2.15 in chips) 
Seat 6: pipinoelbreve9 (€2.14 in chips) 
SMN242: posts small blind €0.01
pingladi: posts big blind €0.02
*** HOLE CARDS ***
Dealt to pipinoelbreve9 [Jh 3d]
Power929929: folds 
basurdia: folds 
pipinoelbreve9: folds 
OfTheBlonde: raises €0.03 to €0.05
SMN242: folds 
pingladi: calls €0.03
*** FLOP *** [9d Qs 8c]
pingladi: checks 
OfTheBlonde: checks 
*** TURN *** [9d Qs 8c] [7h]
pingladi: bets €0.06
OfTheBlonde: calls €0.06
*** RIVER *** [9d Qs 8c 7h] [Qh]
pingladi: bets €0.17
OfTheBlonde: calls €0.17
*** SHOW DOWN ***
pingladi: shows [4s 6s] (a pair of Queens)
OfTheBlonde: shows [Ad Ac] (two pair, Aces and Queens)
OfTheBlonde collected €0.54 from pot
*** SUMMARY ***
Total pot €0.57 | Rake €0.03 
Board [9d Qs 8c 7h Qh]
Seat 1: OfTheBlonde (button) showed [Ad Ac] and won (€0.54) with two pair, Aces and Queens
Seat 2: SMN242 (small blind) folded before Flop
Seat 3: pingladi (big blind) showed [4s 6s] and lost with a pair of Queens
Seat 4: Power929929 folded before Flop (didn't bet)
Seat 5: basurdia folded before Flop (didn't bet)
Seat 6: pipinoelbreve9 folded before Flop (didn't bet)



PokerStars Zoom Hand #257870402656:  Hold'em No Limit (€0.01/€0.02) - 2025/09/24 17:50:58 CET [2025/09/24 11:50:58 ET]
Table 'Arneb' 6-max Seat #1 is the button
Seat 1: navarro0712 (€1.93 in chips) 
Seat 2: pipinoelbreve9 (€2.14 in chips) 
Seat 3: CheckMate1346 (€2 in chips) 
Seat 4: Dariouu (€4.25 in chips) 
Seat 5: nukilla888 (€1.09 in chips) 
Seat 6: Egnom # 01 (€1.75 in chips) 
pipinoelbreve9: posts small blind €0.01
CheckMate1346: posts big blind €0.02
*** HOLE CARDS ***
Dealt to pipinoelbreve9 [Th Ks]
Dariouu: folds 
nukilla888: calls €0.02
Egnom # 01: folds 
navarro0712: folds 
pipinoelbreve9: calls €0.01
CheckMate1346: checks 
*** FLOP *** [4d 5d 6d]
pipinoelbreve9: checks 
CheckMate1346: checks 
nukilla888: checks 
*** TURN *** [4d 5d 6d] [Tc]
pipinoelbreve9: checks 
CheckMate1346: checks 
nukilla888: bets €0.02
pipinoelbreve9: calls €0.02
CheckMate1346: folds 
*** RIVER *** [4d 5d 6d Tc] [9h]
pipinoelbreve9: checks 
nukilla888: bets €0.02
pipinoelbreve9: raises €0.08 to €0.10
nukilla888: folds 
Uncalled bet (€0.08) returned to pipinoelbreve9
pipinoelbreve9 collected €0.13 from pot
pipinoelbreve9: doesn't show hand 
*** SUMMARY ***
Total pot €0.14 | Rake €0.01 
Board [4d 5d 6d Tc 9h]
Seat 1: navarro0712 (button) folded before Flop (didn't bet)
Seat 2: pipinoelbreve9 (small blind) collected (€0.13)
Seat 3: CheckMate1346 (big blind) folded on the Turn
Seat 4: Dariouu folded before Flop (didn't bet)
Seat 5: nukilla888 folded on the River
Seat 6: Egnom # 01 folded before Flop (didn't bet)



PokerStars Zoom Hand #257870413721:  Hold'em No Limit (€0.01/€0.02) - 2025/09/24 17:52:01 CET [2025/09/24 11:52:01 ET]
Table 'Arneb' 6-max Seat #1 is the button
Seat 1: Nescoe (€2 in chips) 
Seat 2: vicen7010 (€1.20 in chips) 
Seat 3: Nicanor Cast (€2.12 in chips) 
Seat 4: Jepeuxpasgagner (€2.81 in chips) 
Seat 5: pipinoelbreve9 (€2.21 in chips) 
Seat 6: Phamtom123 (€1.08 in chips) 
vicen7010: posts small blind €0.01
Nicanor Cast: posts big blind €0.02
*** HOLE CARDS ***
Dealt to pipinoelbreve9 [8h Ah]
Jepeuxpasgagner: folds 
pipinoelbreve9: raises €0.04 to €0.06
Phamtom123: folds 
Nescoe: folds 
vicen7010: folds 
Nicanor Cast: folds 
Uncalled bet (€0.04) returned to pipinoelbreve9
pipinoelbreve9 collected €0.05 from pot
pipinoelbreve9: doesn't show hand 
*** SUMMARY ***
Total pot €0.05 | Rake €0 
Seat 1: Nescoe (button) folded before Flop (didn't bet)
Seat 2: vicen7010 (small blind) folded before Flop
Seat 3: Nicanor Cast (big blind) folded before Flop
Seat 4: Jepeuxpasgagner folded before Flop (didn't bet)
Seat 5: pipinoelbreve9 collected (€0.05)
Seat 6: Phamtom123 folded before Flop (didn't bet)



PokerStars Zoom Hand #257870416087:  Hold'em No Limit (€0.01/€0.02) - 2025/09/24 17:52:15 CET [2025/09/24 11:52:15 ET]
Table 'Arneb' 6-max Seat #1 is the button
Seat 1: ferapote (€2.14 in chips) 
Seat 2: Ferchyman77 (€2.45 in chips) 
Seat 3: pipinoelbreve9 (€2.24 in chips) 
Seat 4: TiberioSegundo (€2.15 in chips) 
Seat 5: SMN242 (€4.97 in chips) 
Seat 6: tonid00kie (€1.41 in chips) 
Ferchyman77: posts small blind €0.01
pipinoelbreve9: posts big blind €0.02
*** HOLE CARDS ***
Dealt to pipinoelbreve9 [5h 6h]
TiberioSegundo: folds 
SMN242: folds 
tonid00kie: raises €0.02 to €0.04
ferapote: folds 
Ferchyman77: folds 
pipinoelbreve9: raises €0.12 to €0.16
tonid00kie: raises €0.12 to €0.28
pipinoelbreve9: calls €0.12
*** FLOP *** [5c 4d 8c]
pipinoelbreve9: checks 
tonid00kie: bets €0.09
pipinoelbreve9: raises €0.27 to €0.36
tonid00kie: raises €0.77 to €1.13 and is all-in
pipinoelbreve9: calls €0.77
*** TURN *** [5c 4d 8c] [Jd]
*** RIVER *** [5c 4d 8c Jd] [2d]
*** SHOW DOWN ***
pipinoelbreve9: shows [5h 6h] (a pair of Fives)
tonid00kie: shows [Ac Ad] (a pair of Aces)
tonid00kie collected €2.69 from pot
*** SUMMARY ***
Total pot €2.83 | Rake €0.14 
Board [5c 4d 8c Jd 2d]
Seat 1: ferapote (button) folded before Flop (didn't bet)
Seat 2: Ferchyman77 (small blind) folded before Flop
Seat 3: pipinoelbreve9 (big blind) showed [5h 6h] and lost with a pair of Fives
Seat 4: TiberioSegundo folded before Flop (didn't bet)
Seat 5: SMN242 folded before Flop (didn't bet)
Seat 6: tonid00kie showed [Ac Ad] and won (€2.69) with a pair of Aces



