PokerStars Zoom Hand #257856233775:  Hold'em No Limit (€0.01/€0.02) - 2025/09/23 16:00:22 CET [2025/09/23 10:00:22 ET]
Table 'Arneb' 6-max Seat #1 is the button
Seat 1: eyeeel (€0.89 in chips) 
Seat 2: AnxoGM (€2.22 in chips) 
Seat 3: pipinoelbreve9 (€2 in chips) 
Seat 4: cipian74 (€2.91 in chips) 
Seat 5: Isbut (€1.80 in chips) 
Seat 6: 34pluto (€1.93 in chips) 
AnxoGM: posts small blind €0.01
pipinoelbreve9: posts big blind €0.02
*** HOLE CARDS ***
Dealt to pipinoelbreve9 [5c Qc]
cipian74: folds 
Isbut: raises €0.05 to €0.07
34pluto has timed out
34pluto: folds 
eyeeel: folds 
AnxoGM: folds 
pipinoelbreve9: folds 
Uncalled bet (€0.05) returned to Isbut
Isbut collected €0.05 from pot
Isbut: doesn't show hand 
*** SUMMARY ***
Total pot €0.05 | Rake €0 
Seat 1: eyeeel (button) folded before Flop (didn't bet)
Seat 2: AnxoGM (small blind) folded before Flop
Seat 3: pipinoelbreve9 (big blind) folded before Flop
Seat 4: cipian74 folded before Flop (didn't bet)
Seat 5: Isbut collected (€0.05)
Seat 6: 34pluto folded before Flop (didn't bet)



PokerStars Zoom Hand #257856237754:  Hold'em No Limit (€0.01/€0.02) - 2025/09/23 16:00:54 CET [2025/09/23 10:00:54 ET]
Table 'Arneb' 6-max Seat #1 is the button
Seat 1: zhouweiyi888 (€3.59 in chips) 
Seat 2: pipinoelbreve9 (€2 in chips) 
Seat 3: jlf06ps (€1.93 in chips) 
Seat 4: jpvacas (€2 in chips) 
Seat 5: SFT17 (€4.35 in chips) 
Seat 6: Sabadee13 (€5.86 in chips) 
pipinoelbreve9: posts small blind €0.01
jlf06ps: posts big blind €0.02
*** HOLE CARDS ***
Dealt to pipinoelbreve9 [3s 5s]
jpvacas: folds 
SFT17: folds 
Sabadee13: folds 
zhouweiyi888: raises €0.03 to €0.05
pipinoelbreve9: folds 
jlf06ps: folds 
Uncalled bet (€0.03) returned to zhouweiyi888
zhouweiyi888 collected €0.05 from pot
zhouweiyi888: doesn't show hand 
*** SUMMARY ***
Total pot €0.05 | Rake €0 
Seat 1: zhouweiyi888 (button) collected (€0.05)
Seat 2: pipinoelbreve9 (small blind) folded before Flop
Seat 3: jlf06ps (big blind) folded before Flop
Seat 4: jpvacas folded before Flop (didn't bet)
Seat 5: SFT17 folded before Flop (didn't bet)
Seat 6: Sabadee13 folded before Flop (didn't bet)



PokerStars Zoom Hand #257856241962:  Hold'em No Limit (€0.01/€0.02) - 2025/09/23 16:01:25 CET [2025/09/23 10:01:25 ET]
Table 'Arneb' 6-max Seat #1 is the button
Seat 1: DarthRose (€2.01 in chips) 
Seat 2: The_Qualm (€2.13 in chips) 
Seat 3: zhouweiyi888 (€3.62 in chips) 
Seat 4: cherda33 (€1.66 in chips) 
Seat 5: 34pluto (€1.30 in chips) 
Seat 6: pipinoelbreve9 (€2 in chips) 
The_Qualm: posts small blind €0.01
zhouweiyi888: posts big blind €0.02
*** HOLE CARDS ***
Dealt to pipinoelbreve9 [Jc 4c]
cherda33: folds 
34pluto: folds 
pipinoelbreve9: folds 
DarthRose: folds 
The_Qualm: folds 
Uncalled bet (€0.01) returned to zhouweiyi888
zhouweiyi888 collected €0.02 from pot
zhouweiyi888: doesn't show hand 
*** SUMMARY ***
Total pot €0.02 | Rake €0 
Seat 1: DarthRose (button) folded before Flop (didn't bet)
Seat 2: The_Qualm (small blind) folded before Flop
Seat 3: zhouweiyi888 (big blind) collected (€0.02)
Seat 4: cherda33 folded before Flop (didn't bet)
Seat 5: 34pluto folded before Flop (didn't bet)
Seat 6: pipinoelbreve9 folded before Flop (didn't bet)



PokerStars Zoom Hand #257856240492:  Hold'em No Limit (€0.01/€0.02) - 2025/09/23 16:01:14 CET [2025/09/23 10:01:14 ET]
Table 'Arneb' 6-max Seat #1 is the button
Seat 1: pipinoelbreve9 (€2 in chips) 
Seat 2: jlf06ps (€1.91 in chips) 
Seat 3: paul20025 (€2.08 in chips) 
Seat 4: emilezolla (€3.02 in chips) 
Seat 5: The_Qualm (€2.46 in chips) 
Seat 6: Franxia (€2.25 in chips) 
jlf06ps: posts small blind €0.01
paul20025: posts big blind €0.02
*** HOLE CARDS ***
Dealt to pipinoelbreve9 [6h 9h]
emilezolla: calls €0.02
The_Qualm: raises €0.08 to €0.10
Franxia: folds 
pipinoelbreve9: folds 
jlf06ps: folds 
paul20025: folds 
emilezolla: folds 
Uncalled bet (€0.08) returned to The_Qualm
The_Qualm collected €0.07 from pot
The_Qualm: doesn't show hand 
*** SUMMARY ***
Total pot €0.07 | Rake €0 
Seat 1: pipinoelbreve9 (button) folded before Flop (didn't bet)
Seat 2: jlf06ps (small blind) folded before Flop
Seat 3: paul20025 (big blind) folded before Flop
Seat 4: emilezolla folded before Flop
Seat 5: The_Qualm collected (€0.07)
Seat 6: Franxia folded before Flop (didn't bet)



PokerStars Zoom Hand #257856243174:  Hold'em No Limit (€0.01/€0.02) - 2025/09/23 16:01:34 CET [2025/09/23 10:01:34 ET]
Table 'Arneb' 6-max Seat #1 is the button
Seat 1: LittleVerole (€1.97 in chips) 
Seat 2: lorocontento (€1.20 in chips) 
Seat 3: 34pluto (€1.30 in chips) 
Seat 4: eyeeel (€0.85 in chips) 
Seat 5: pipinoelbreve9 (€2 in chips) 
Seat 6: Franxia (€2.22 in chips) 
lorocontento: posts small blind €0.01
34pluto: posts big blind €0.02
*** HOLE CARDS ***
Dealt to pipinoelbreve9 [Ad 8h]
eyeeel: folds 
pipinoelbreve9: folds 
Franxia: folds 
LittleVerole: folds 
lorocontento: folds 
Uncalled bet (€0.01) returned to 34pluto
34pluto collected €0.02 from pot
34pluto: doesn't show hand 
*** SUMMARY ***
Total pot €0.02 | Rake €0 
Seat 1: LittleVerole (button) folded before Flop (didn't bet)
Seat 2: lorocontento (small blind) folded before Flop
Seat 3: 34pluto (big blind) collected (€0.02)
Seat 4: eyeeel folded before Flop (didn't bet)
Seat 5: pipinoelbreve9 folded before Flop (didn't bet)
Seat 6: Franxia folded before Flop (didn't bet)



PokerStars Zoom Hand #257856244827:  Hold'em No Limit (€0.01/€0.02) - 2025/09/23 16:01:46 CET [2025/09/23 10:01:46 ET]
Table 'Arneb' 6-max Seat #1 is the button
Seat 1: martine4839 (€2.18 in chips) 
Seat 2: SFT17 (€2.38 in chips) 
Seat 3: pipinoelbreve9 (€2 in chips) 
Seat 4: NCabral_SCP (€2.01 in chips) 
Seat 5: Franxia (€2.22 in chips) 
Seat 6: Nicanor Cast (€2.71 in chips) 
SFT17: posts small blind €0.01
pipinoelbreve9: posts big blind €0.02
*** HOLE CARDS ***
Dealt to pipinoelbreve9 [Qd Jd]
NCabral_SCP: calls €0.02
Franxia: folds 
Nicanor Cast: raises €0.02 to €0.04
martine4839: folds 
SFT17: raises €0.14 to €0.18
pipinoelbreve9: calls €0.16
NCabral_SCP: calls €0.16
Nicanor Cast: folds 
*** FLOP *** [2d 3c 5c]
SFT17: bets €0.18
pipinoelbreve9: calls €0.18
NCabral_SCP: calls €0.18
*** TURN *** [2d 3c 5c] [Th]
SFT17: checks 
pipinoelbreve9: checks 
NCabral_SCP: checks 
*** RIVER *** [2d 3c 5c Th] [9h]
SFT17: checks 
pipinoelbreve9: checks 
NCabral_SCP: bets €1.65 and is all-in
SFT17: folds 
pipinoelbreve9: folds 
Uncalled bet (€1.65) returned to NCabral_SCP
NCabral_SCP collected €1.06 from pot
NCabral_SCP: doesn't show hand 
*** SUMMARY ***
Total pot €1.12 | Rake €0.06 
Board [2d 3c 5c Th 9h]
Seat 1: martine4839 (button) folded before Flop (didn't bet)
Seat 2: SFT17 (small blind) folded on the River
Seat 3: pipinoelbreve9 (big blind) folded on the River
Seat 4: NCabral_SCP collected (€1.06)
Seat 5: Franxia folded before Flop (didn't bet)
Seat 6: Nicanor Cast folded before Flop



PokerStars Zoom Hand #257856254214:  Hold'em No Limit (€0.01/€0.02) - 2025/09/23 16:02:54 CET [2025/09/23 10:02:54 ET]
Table 'Arneb' 6-max Seat #1 is the button
Seat 1: lorocontento (€1.28 in chips) 
Seat 2: pipinoelbreve9 (€2 in chips) 
Seat 3: Bestiote (€1.68 in chips) 
Seat 4: poteaarte (€2.99 in chips) 
Seat 5: Flopys Carter (€1.28 in chips) 
Seat 6: Franxia (€2.14 in chips) 
pipinoelbreve9: posts small blind €0.01
Bestiote: posts big blind €0.02
*** HOLE CARDS ***
Dealt to pipinoelbreve9 [Kh 6c]
poteaarte: folds 
Flopys Carter: folds 
Franxia: folds 
lorocontento: folds 
pipinoelbreve9: raises €0.04 to €0.06
Bestiote: folds 
Uncalled bet (€0.04) returned to pipinoelbreve9
pipinoelbreve9 collected €0.04 from pot
pipinoelbreve9: doesn't show hand 
*** SUMMARY ***
Total pot €0.04 | Rake €0 
Seat 1: lorocontento (button) folded before Flop (didn't bet)
Seat 2: pipinoelbreve9 (small blind) collected (€0.04)
Seat 3: Bestiote (big blind) folded before Flop
Seat 4: poteaarte folded before Flop (didn't bet)
Seat 5: Flopys Carter folded before Flop (didn't bet)
Seat 6: Franxia folded before Flop (didn't bet)



PokerStars Zoom Hand #257856255966:  Hold'em No Limit (€0.01/€0.02) - 2025/09/23 16:03:06 CET [2025/09/23 10:03:06 ET]
Table 'Arneb' 6-max Seat #1 is the button
Seat 1: martine4839 (€2.36 in chips) 
Seat 2: The_Qualm (€2.02 in chips) 
Seat 3: Aeptak (€0.81 in chips) 
Seat 4: pucelay.29 (€1.06 in chips) 
Seat 5: NEMOXYX (€3.76 in chips) 
Seat 6: pipinoelbreve9 (€2.02 in chips) 
The_Qualm: posts small blind €0.01
Aeptak: posts big blind €0.02
*** HOLE CARDS ***
Dealt to pipinoelbreve9 [7s 2h]
pucelay.29: folds 
NEMOXYX: folds 
pipinoelbreve9: folds 
martine4839: raises €0.03 to €0.05
The_Qualm: folds 
Aeptak: folds 
Uncalled bet (€0.03) returned to martine4839
martine4839 collected €0.05 from pot
martine4839: doesn't show hand 
*** SUMMARY ***
Total pot €0.05 | Rake €0 
Seat 1: martine4839 (button) collected (€0.05)
Seat 2: The_Qualm (small blind) folded before Flop
Seat 3: Aeptak (big blind) folded before Flop
Seat 4: pucelay.29 folded before Flop (didn't bet)
Seat 5: NEMOXYX folded before Flop (didn't bet)
Seat 6: pipinoelbreve9 folded before Flop (didn't bet)



PokerStars Zoom Hand #257856257243:  Hold'em No Limit (€0.01/€0.02) - 2025/09/23 16:03:15 CET [2025/09/23 10:03:15 ET]
Table 'Arneb' 6-max Seat #1 is the button
Seat 1: roroni3 (€1.50 in chips) 
Seat 2: SMN242 (€8.82 in chips) 
Seat 3: 34pluto (€1.32 in chips) 
Seat 4: SFT17 (€2 in chips) 
Seat 5: pipinoelbreve9 (€2.02 in chips) 
Seat 6: LittleVerole (€1.94 in chips) 
SMN242: posts small blind €0.01
34pluto: posts big blind €0.02
*** HOLE CARDS ***
Dealt to pipinoelbreve9 [2c 9s]
SFT17: folds 
pipinoelbreve9: folds 
LittleVerole: folds 
roroni3: folds 
SMN242: raises €0.03 to €0.05
34pluto: folds 
Uncalled bet (€0.03) returned to SMN242
SMN242 collected €0.04 from pot
SMN242: doesn't show hand 
*** SUMMARY ***
Total pot €0.04 | Rake €0 
Seat 1: roroni3 (button) folded before Flop (didn't bet)
Seat 2: SMN242 (small blind) collected (€0.04)
Seat 3: 34pluto (big blind) folded before Flop
Seat 4: SFT17 folded before Flop (didn't bet)
Seat 5: pipinoelbreve9 folded before Flop (didn't bet)
Seat 6: LittleVerole folded before Flop (didn't bet)



PokerStars Zoom Hand #257856257808:  Hold'em No Limit (€0.01/€0.02) - 2025/09/23 16:03:19 CET [2025/09/23 10:03:19 ET]
Table 'Arneb' 6-max Seat #1 is the button
Seat 1: damastodas (€1.88 in chips) 
Seat 2: Sportacus911 (€1.85 in chips) 
Seat 3: poteaarte (€2.09 in chips) 
Seat 4: pipinoelbreve9 (€2.02 in chips) 
Seat 5: SFT17 (€2 in chips) 
Seat 6: Madrolo59 (€1.53 in chips) 
Sportacus911: posts small blind €0.01
poteaarte: posts big blind €0.02
*** HOLE CARDS ***
Dealt to pipinoelbreve9 [3s 4c]
pipinoelbreve9: folds 
SFT17: raises €0.04 to €0.06
Madrolo59: folds 
damastodas: folds 
Sportacus911: folds 
poteaarte: folds 
Uncalled bet (€0.04) returned to SFT17
SFT17 collected €0.05 from pot
SFT17: doesn't show hand 
*** SUMMARY ***
Total pot €0.05 | Rake €0 
Seat 1: damastodas (button) folded before Flop (didn't bet)
Seat 2: Sportacus911 (small blind) folded before Flop
Seat 3: poteaarte (big blind) folded before Flop
Seat 4: pipinoelbreve9 folded before Flop (didn't bet)
Seat 5: SFT17 collected (€0.05)
Seat 6: Madrolo59 folded before Flop (didn't bet)



PokerStars Zoom Hand #257856256629:  Hold'em No Limit (€0.01/€0.02) - 2025/09/23 16:03:11 CET [2025/09/23 10:03:11 ET]
Table 'Arneb' 6-max Seat #1 is the button
Seat 1: pipinoelbreve9 (€2.02 in chips) 
Seat 2: Bestiote (€1.66 in chips) 
Seat 3: Nicanor Cast (€2.12 in chips) 
Seat 4: Sabadee13 (€3.64 in chips) 
Seat 5: pokertestarudo (€1.14 in chips) 
Seat 6: Nescoe (€4.35 in chips) 
Bestiote: posts small blind €0.01
Nicanor Cast: posts big blind €0.02
*** HOLE CARDS ***
Dealt to pipinoelbreve9 [Ts 2h]
Sabadee13: calls €0.02
pokertestarudo: folds 
Nescoe: folds 
pipinoelbreve9: folds 
Bestiote: folds 
Nicanor Cast: checks 
*** FLOP *** [8c Kc Jc]
Nicanor Cast: checks 
Sabadee13: checks 
*** TURN *** [8c Kc Jc] [8d]
Nicanor Cast: checks 
Sabadee13: checks 
*** RIVER *** [8c Kc Jc 8d] [Jh]
Nicanor Cast: bets €0.02
Sabadee13: folds 
Uncalled bet (€0.02) returned to Nicanor Cast
Nicanor Cast collected €0.05 from pot
Nicanor Cast: doesn't show hand 
*** SUMMARY ***
Total pot €0.05 | Rake €0 
Board [8c Kc Jc 8d Jh]
Seat 1: pipinoelbreve9 (button) folded before Flop (didn't bet)
Seat 2: Bestiote (small blind) folded before Flop
Seat 3: Nicanor Cast (big blind) collected (€0.05)
Seat 4: Sabadee13 folded on the River
Seat 5: pokertestarudo folded before Flop (didn't bet)
Seat 6: Nescoe folded before Flop (didn't bet)



PokerStars Zoom Hand #257856258284:  Hold'em No Limit (€0.01/€0.02) - 2025/09/23 16:03:22 CET [2025/09/23 10:03:22 ET]
Table 'Arneb' 6-max Seat #1 is the button
Seat 1: Sportacus911 (€1.84 in chips) 
Seat 2: NEMOXYX (€3.91 in chips) 
Seat 3: The_Qualm (€2 in chips) 
Seat 4: santiago_nardiz (€1.81 in chips) 
Seat 5: pipinoelbreve9 (€2.02 in chips) 
Seat 6: jurele (€1.17 in chips) 
NEMOXYX: posts small blind €0.01
The_Qualm: posts big blind €0.02
*** HOLE CARDS ***
Dealt to pipinoelbreve9 [5s Jc]
santiago_nardiz: raises €0.04 to €0.06
pipinoelbreve9: folds 
jurele: folds 
Sportacus911: folds 
NEMOXYX: raises €0.18 to €0.24
The_Qualm: folds 
santiago_nardiz: calls €0.18
*** FLOP *** [9d Kc 6d]
NEMOXYX: bets €0.24
santiago_nardiz: folds 
Uncalled bet (€0.24) returned to NEMOXYX
NEMOXYX collected €0.48 from pot
NEMOXYX: doesn't show hand 
*** SUMMARY ***
Total pot €0.50 | Rake €0.02 
Board [9d Kc 6d]
Seat 1: Sportacus911 (button) folded before Flop (didn't bet)
Seat 2: NEMOXYX (small blind) collected (€0.48)
Seat 3: The_Qualm (big blind) folded before Flop
Seat 4: santiago_nardiz folded on the Flop
Seat 5: pipinoelbreve9 folded before Flop (didn't bet)
Seat 6: jurele folded before Flop (didn't bet)



PokerStars Zoom Hand #257856259250:  Hold'em No Limit (€0.01/€0.02) - 2025/09/23 16:03:29 CET [2025/09/23 10:03:29 ET]
Table 'Arneb' 6-max Seat #1 is the button
Seat 1: pucelay.29 (€1.20 in chips) 
Seat 2: lorocontento (€1.29 in chips) 
Seat 3: pipinoelbreve9 (€2.02 in chips) 
Seat 4: The_Qualm (€2.42 in chips) 
Seat 5: martine4839 (€2.38 in chips) 
Seat 6: pokertestarudo (€1.13 in chips) 
lorocontento: posts small blind €0.01
pipinoelbreve9: posts big blind €0.02
*** HOLE CARDS ***
Dealt to pipinoelbreve9 [9c Qd]
The_Qualm: raises €0.02 to €0.04
martine4839: raises €0.18 to €0.22
pokertestarudo: folds 
pucelay.29: folds 
lorocontento: folds 
pipinoelbreve9: folds 
The_Qualm: folds 
Uncalled bet (€0.18) returned to martine4839
martine4839 collected €0.11 from pot
martine4839: doesn't show hand 
*** SUMMARY ***
Total pot €0.11 | Rake €0 
Seat 1: pucelay.29 (button) folded before Flop (didn't bet)
Seat 2: lorocontento (small blind) folded before Flop
Seat 3: pipinoelbreve9 (big blind) folded before Flop
Seat 4: The_Qualm folded before Flop
Seat 5: martine4839 collected (€0.11)
Seat 6: pokertestarudo folded before Flop (didn't bet)



PokerStars Zoom Hand #257856262079:  Hold'em No Limit (€0.01/€0.02) - 2025/09/23 16:03:48 CET [2025/09/23 10:03:48 ET]
Table 'Arneb' 6-max Seat #1 is the button
Seat 1: Fvieira1984 (€1.13 in chips) 
Seat 2: Pedromagicramir (€2.20 in chips) 
Seat 3: Nescoe (€4.19 in chips) 
Seat 4: pipinoelbreve9 (€2 in chips) 
Seat 5: NEMOXYX (€2.39 in chips) 
Seat 6: lorocontento (€1.28 in chips) 
Pedromagicramir: posts small blind €0.01
Nescoe: posts big blind €0.02
*** HOLE CARDS ***
Dealt to pipinoelbreve9 [9s Kc]
pipinoelbreve9: folds 
NEMOXYX: folds 
lorocontento: raises €0.04 to €0.06
Fvieira1984: folds 
Pedromagicramir: folds 
Nescoe: raises €0.18 to €0.24
lorocontento: raises €1.04 to €1.28 and is all-in
Nescoe: calls €1.04
*** FLOP *** [8d 3h 4c]
*** TURN *** [8d 3h 4c] [6c]
*** RIVER *** [8d 3h 4c 6c] [9c]
*** SHOW DOWN ***
Nescoe: shows [Ks Ah] (high card Ace)
lorocontento: shows [Jd Js] (a pair of Jacks)
lorocontento collected €2.44 from pot
*** SUMMARY ***
Total pot €2.57 | Rake €0.13 
Board [8d 3h 4c 6c 9c]
Seat 1: Fvieira1984 (button) folded before Flop (didn't bet)
Seat 2: Pedromagicramir (small blind) folded before Flop
Seat 3: Nescoe (big blind) showed [Ks Ah] and lost with high card Ace
Seat 4: pipinoelbreve9 folded before Flop (didn't bet)
Seat 5: NEMOXYX folded before Flop (didn't bet)
Seat 6: lorocontento showed [Jd Js] and won (€2.44) with a pair of Jacks



PokerStars Zoom Hand #257856263848:  Hold'em No Limit (€0.01/€0.02) - 2025/09/23 16:04:01 CET [2025/09/23 10:04:01 ET]
Table 'Arneb' 6-max Seat #1 is the button
Seat 1: Nicanor Cast (€3.05 in chips) 
Seat 2: pipinoelbreve9 (€2 in chips) 
Seat 3: jpvacas (€2.71 in chips) 
Seat 4: DidieliPoker (€1.20 in chips) 
Seat 5: pucelay.29 (€1.20 in chips) 
Seat 6: Sportacus911 (€1.82 in chips) 
pipinoelbreve9: posts small blind €0.01
jpvacas: posts big blind €0.02
*** HOLE CARDS ***
Dealt to pipinoelbreve9 [Tc Kh]
DidieliPoker: folds 
pucelay.29: folds 
Sportacus911: folds 
Nicanor Cast: raises €0.02 to €0.04
pipinoelbreve9: raises €0.12 to €0.16
jpvacas: folds 
Nicanor Cast: calls €0.12
*** FLOP *** [9c Ks 2c]
pipinoelbreve9: bets €0.16
Nicanor Cast: calls €0.16
*** TURN *** [9c Ks 2c] [2s]
pipinoelbreve9: checks 
Nicanor Cast: checks 
*** RIVER *** [9c Ks 2c 2s] [4s]
pipinoelbreve9: bets €0.42
Nicanor Cast: calls €0.42
*** SHOW DOWN ***
pipinoelbreve9: shows [Tc Kh] (two pair, Kings and Deuces)
Nicanor Cast: shows [Js Qs] (a flush, King high)
Nicanor Cast collected €1.42 from pot
*** SUMMARY ***
Total pot €1.50 | Rake €0.08 
Board [9c Ks 2c 2s 4s]
Seat 1: Nicanor Cast (button) showed [Js Qs] and won (€1.42) with a flush, King high
Seat 2: pipinoelbreve9 (small blind) showed [Tc Kh] and lost with two pair, Kings and Deuces
Seat 3: jpvacas (big blind) folded before Flop
Seat 4: DidieliPoker folded before Flop (didn't bet)
Seat 5: pucelay.29 folded before Flop (didn't bet)
Seat 6: Sportacus911 folded before Flop (didn't bet)



PokerStars Zoom Hand #257856271567:  Hold'em No Limit (€0.01/€0.02) - 2025/09/23 16:04:56 CET [2025/09/23 10:04:56 ET]
Table 'Arneb' 6-max Seat #1 is the button
Seat 1: Siddharta33 (€1.02 in chips) 
Seat 2: LittleVerole (€1.92 in chips) 
Seat 3: DidieliPoker (€1.20 in chips) 
Seat 4: pipinoelbreve9 (€2 in chips) 
Seat 5: Nescoe (€4.32 in chips) 
Seat 6: NEMOXYX (€4.13 in chips) 
LittleVerole: posts small blind €0.01
DidieliPoker: posts big blind €0.02
*** HOLE CARDS ***
Dealt to pipinoelbreve9 [4s Jd]
pipinoelbreve9: folds 
Nescoe: folds 
NEMOXYX: raises €0.04 to €0.06
Siddharta33: folds 
LittleVerole: folds 
DidieliPoker: folds 
Uncalled bet (€0.04) returned to NEMOXYX
NEMOXYX collected €0.05 from pot
NEMOXYX: doesn't show hand 
*** SUMMARY ***
Total pot €0.05 | Rake €0 
Seat 1: Siddharta33 (button) folded before Flop (didn't bet)
Seat 2: LittleVerole (small blind) folded before Flop
Seat 3: DidieliPoker (big blind) folded before Flop
Seat 4: pipinoelbreve9 folded before Flop (didn't bet)
Seat 5: Nescoe folded before Flop (didn't bet)
Seat 6: NEMOXYX collected (€0.05)



PokerStars Zoom Hand #257856273698:  Hold'em No Limit (€0.01/€0.02) - 2025/09/23 16:05:11 CET [2025/09/23 10:05:11 ET]
Table 'Arneb' 6-max Seat #1 is the button
Seat 1: jlf06ps (€2.10 in chips) 
Seat 2: Nescoe (€2.91 in chips) 
Seat 3: pipinoelbreve9 (€2 in chips) 
Seat 4: cherda33 (€1.19 in chips) 
Seat 5: pucelay.29 (€1.03 in chips) 
Seat 6: The_Qualm (€2 in chips) 
Nescoe: posts small blind €0.01
pipinoelbreve9: posts big blind €0.02
*** HOLE CARDS ***
Dealt to pipinoelbreve9 [Ts 8h]
cherda33: raises €0.10 to €0.12
pucelay.29: folds 
The_Qualm: folds 
jlf06ps: folds 
Nescoe: folds 
pipinoelbreve9: folds 
Uncalled bet (€0.10) returned to cherda33
cherda33 collected €0.05 from pot
cherda33: doesn't show hand 
*** SUMMARY ***
Total pot €0.05 | Rake €0 
Seat 1: jlf06ps (button) folded before Flop (didn't bet)
Seat 2: Nescoe (small blind) folded before Flop
Seat 3: pipinoelbreve9 (big blind) folded before Flop
Seat 4: cherda33 collected (€0.05)
Seat 5: pucelay.29 folded before Flop (didn't bet)
Seat 6: The_Qualm folded before Flop (didn't bet)



PokerStars Zoom Hand #257856270277:  Hold'em No Limit (€0.01/€0.02) - 2025/09/23 16:04:47 CET [2025/09/23 10:04:47 ET]
Table 'Arneb' 6-max Seat #1 is the button
Seat 1: pipinoelbreve9 (€2 in chips) 
Seat 2: Nicanor Cast (€3.73 in chips) 
Seat 3: sukocash (€2.05 in chips) 
Seat 4: rios20 (€1.39 in chips) 
Seat 5: pokertestarudo (€1.18 in chips) 
Seat 6: Siddharta33 (€1.02 in chips) 
Nicanor Cast: posts small blind €0.01
sukocash: posts big blind €0.02
*** HOLE CARDS ***
Dealt to pipinoelbreve9 [2h 6h]
rios20: raises €0.02 to €0.04
pokertestarudo: folds 
Siddharta33: folds 
pipinoelbreve9: folds 
Nicanor Cast: folds 
sukocash: calls €0.02
*** FLOP *** [Js 7d 3c]
sukocash: checks 
rios20: bets €0.06
sukocash: calls €0.06
*** TURN *** [Js 7d 3c] [7c]
sukocash: checks 
rios20: bets €0.10
sukocash: calls €0.10
*** RIVER *** [Js 7d 3c 7c] [9s]
sukocash: checks 
rios20: bets €0.22
sukocash: folds 
Uncalled bet (€0.22) returned to rios20
rios20 collected €0.39 from pot
rios20: doesn't show hand 
*** SUMMARY ***
Total pot €0.41 | Rake €0.02 
Board [Js 7d 3c 7c 9s]
Seat 1: pipinoelbreve9 (button) folded before Flop (didn't bet)
Seat 2: Nicanor Cast (small blind) folded before Flop
Seat 3: sukocash (big blind) folded on the River
Seat 4: rios20 collected (€0.39)
Seat 5: pokertestarudo folded before Flop (didn't bet)
Seat 6: Siddharta33 folded before Flop (didn't bet)



PokerStars Zoom Hand #257856272911:  Hold'em No Limit (€0.01/€0.02) - 2025/09/23 16:05:06 CET [2025/09/23 10:05:06 ET]
Table 'Arneb' 6-max Seat #1 is the button
Seat 1: Sportacus911 (€1.98 in chips) 
Seat 2: NCabral_SCP (€1.99 in chips) 
Seat 3: SFT17 (€2 in chips) 
Seat 4: DidieliPoker (€1.22 in chips) 
Seat 5: NEMOXYX (€3.74 in chips) 
Seat 6: pipinoelbreve9 (€2 in chips) 
NCabral_SCP: posts small blind €0.01
SFT17: posts big blind €0.02
*** HOLE CARDS ***
Dealt to pipinoelbreve9 [As 5c]
DidieliPoker: folds 
NEMOXYX: folds 
pipinoelbreve9: folds 
Sportacus911: calls €0.02
NCabral_SCP: folds 
SFT17: checks 
*** FLOP *** [Ts 9c 2s]
SFT17: checks 
Sportacus911: bets €0.02
SFT17: calls €0.02
*** TURN *** [Ts 9c 2s] [Ad]
SFT17: checks 
Sportacus911: checks 
*** RIVER *** [Ts 9c 2s Ad] [Qc]
SFT17: checks 
Sportacus911: checks 
*** SHOW DOWN ***
SFT17: shows [3s 6s] (high card Ace)
Sportacus911: shows [3d 3h] (a pair of Threes)
Sportacus911 collected €0.09 from pot
*** SUMMARY ***
Total pot €0.09 | Rake €0 
Board [Ts 9c 2s Ad Qc]
Seat 1: Sportacus911 (button) showed [3d 3h] and won (€0.09) with a pair of Threes
Seat 2: NCabral_SCP (small blind) folded before Flop
Seat 3: SFT17 (big blind) showed [3s 6s] and lost with high card Ace
Seat 4: DidieliPoker folded before Flop (didn't bet)
Seat 5: NEMOXYX folded before Flop (didn't bet)
Seat 6: pipinoelbreve9 folded before Flop (didn't bet)



PokerStars Zoom Hand #257856275048:  Hold'em No Limit (€0.01/€0.02) - 2025/09/23 16:05:20 CET [2025/09/23 10:05:20 ET]
Table 'Arneb' 6-max Seat #1 is the button
Seat 1: pucelay.29 (€1.20 in chips) 
Seat 2: SFT17 (€2 in chips) 
Seat 3: AnxoGM (€2.83 in chips) 
Seat 4: pipinoelbreve9 (€2 in chips) 
Seat 5: jurele (€1.17 in chips) 
Seat 6: poteaarte (€3.15 in chips) 
SFT17: posts small blind €0.01
AnxoGM: posts big blind €0.02
*** HOLE CARDS ***
Dealt to pipinoelbreve9 [8c Qc]
pipinoelbreve9: folds 
jurele: folds 
poteaarte: folds 
pucelay.29: folds 
SFT17: folds 
Uncalled bet (€0.01) returned to AnxoGM
AnxoGM collected €0.02 from pot
AnxoGM: doesn't show hand 
*** SUMMARY ***
Total pot €0.02 | Rake €0 
Seat 1: pucelay.29 (button) folded before Flop (didn't bet)
Seat 2: SFT17 (small blind) folded before Flop
Seat 3: AnxoGM (big blind) collected (€0.02)
Seat 4: pipinoelbreve9 folded before Flop (didn't bet)
Seat 5: jurele folded before Flop (didn't bet)
Seat 6: poteaarte folded before Flop (didn't bet)



PokerStars Zoom Hand #257856276574:  Hold'em No Limit (€0.01/€0.02) - 2025/09/23 16:05:31 CET [2025/09/23 10:05:31 ET]
Table 'Arneb' 6-max Seat #1 is the button
Seat 1: damastodas (€0.77 in chips) 
Seat 2: tianzo56 (€1.08 in chips) 
Seat 3: jpvacas (€2.19 in chips) 
Seat 4: NEMOXYX (€3.74 in chips) 
Seat 5: SFT17 (€2 in chips) 
Seat 6: pipinoelbreve9 (€2 in chips) 
tianzo56: posts small blind €0.01
jpvacas: posts big blind €0.02
*** HOLE CARDS ***
Dealt to pipinoelbreve9 [3s Qs]
NEMOXYX: folds 
SFT17: folds 
pipinoelbreve9: folds 
damastodas: folds 
tianzo56: raises €0.04 to €0.06
jpvacas: folds 
Uncalled bet (€0.04) returned to tianzo56
tianzo56 collected €0.04 from pot
tianzo56: doesn't show hand 
*** SUMMARY ***
Total pot €0.04 | Rake €0 
Seat 1: damastodas (button) folded before Flop (didn't bet)
Seat 2: tianzo56 (small blind) collected (€0.04)
Seat 3: jpvacas (big blind) folded before Flop
Seat 4: NEMOXYX folded before Flop (didn't bet)
Seat 5: SFT17 folded before Flop (didn't bet)
Seat 6: pipinoelbreve9 folded before Flop (didn't bet)



PokerStars Zoom Hand #257856277223:  Hold'em No Limit (€0.01/€0.02) - 2025/09/23 16:05:35 CET [2025/09/23 10:05:35 ET]
Table 'Arneb' 6-max Seat #1 is the button
Seat 1: zhouweiyi888 (€3.63 in chips) 
Seat 2: pipinoelbreve9 (€2 in chips) 
Seat 3: granotilla1 (€2 in chips) 
Seat 4: AnxoGM (€2.13 in chips) 
Seat 5: Aeptak (€0.67 in chips) 
Seat 6: Aldus24 (€2.57 in chips) 
pipinoelbreve9: posts small blind €0.01
granotilla1: posts big blind €0.02
*** HOLE CARDS ***
Dealt to pipinoelbreve9 [Jd 9s]
AnxoGM: folds 
Aeptak: folds 
Aldus24: folds 
zhouweiyi888: raises €0.03 to €0.05
pipinoelbreve9: folds 
granotilla1: calls €0.03
*** FLOP *** [6c Ks 8d]
granotilla1: checks 
zhouweiyi888: checks 
*** TURN *** [6c Ks 8d] [6d]
granotilla1: checks 
zhouweiyi888: checks 
*** RIVER *** [6c Ks 8d 6d] [Qh]
granotilla1: checks 
zhouweiyi888: checks 
*** SHOW DOWN ***
granotilla1: shows [Qd Jh] (two pair, Queens and Sixes)
zhouweiyi888: mucks hand 
granotilla1 collected €0.10 from pot
*** SUMMARY ***
Total pot €0.11 | Rake €0.01 
Board [6c Ks 8d 6d Qh]
Seat 1: zhouweiyi888 (button) mucked [8c Jc]
Seat 2: pipinoelbreve9 (small blind) folded before Flop
Seat 3: granotilla1 (big blind) showed [Qd Jh] and won (€0.10) with two pair, Queens and Sixes
Seat 4: AnxoGM folded before Flop (didn't bet)
Seat 5: Aeptak folded before Flop (didn't bet)
Seat 6: Aldus24 folded before Flop (didn't bet)



PokerStars Zoom Hand #257856280660:  Hold'em No Limit (€0.01/€0.02) - 2025/09/23 16:06:00 CET [2025/09/23 10:06:00 ET]
Table 'Arneb' 6-max Seat #1 is the button
Seat 1: pipinoelbreve9 (€2 in chips) 
Seat 2: Nescoe (€2.88 in chips) 
Seat 3: pucelay.29 (€2.84 in chips) 
Seat 4: sukocash (€2.14 in chips) 
Seat 5: NEMOXYX (€4.15 in chips) 
Seat 6: jlf06ps (€2.08 in chips) 
Nescoe: posts small blind €0.01
pucelay.29: posts big blind €0.02
*** HOLE CARDS ***
Dealt to pipinoelbreve9 [Jd Qd]
sukocash: folds 
NEMOXYX: folds 
jlf06ps: folds 
pipinoelbreve9: raises €0.04 to €0.06
Nescoe: raises €0.18 to €0.24
pucelay.29: folds 
pipinoelbreve9: calls €0.18
*** FLOP *** [6d 5c 4s]
Nescoe: bets €0.31
pipinoelbreve9: folds 
Uncalled bet (€0.31) returned to Nescoe
Nescoe collected €0.48 from pot
Nescoe: doesn't show hand 
*** SUMMARY ***
Total pot €0.50 | Rake €0.02 
Board [6d 5c 4s]
Seat 1: pipinoelbreve9 (button) folded on the Flop
Seat 2: Nescoe (small blind) collected (€0.48)
Seat 3: pucelay.29 (big blind) folded before Flop
Seat 4: sukocash folded before Flop (didn't bet)
Seat 5: NEMOXYX folded before Flop (didn't bet)
Seat 6: jlf06ps folded before Flop (didn't bet)



PokerStars Zoom Hand #257856284840:  Hold'em No Limit (€0.01/€0.02) - 2025/09/23 16:06:29 CET [2025/09/23 10:06:29 ET]
Table 'Arneb' 6-max Seat #1 is the button
Seat 1: josuavion (€1.80 in chips) 
Seat 2: DidieliPoker (€1.20 in chips) 
Seat 3: pipinoelbreve9 (€2 in chips) 
Seat 4: The_Qualm (€2.27 in chips) 
Seat 5: Sportacus911 (€2.05 in chips) 
Seat 6: pucelay.29 (€2.85 in chips) 
DidieliPoker: posts small blind €0.01
pipinoelbreve9: posts big blind €0.02
*** HOLE CARDS ***
Dealt to pipinoelbreve9 [Kc 2h]
The_Qualm: folds 
Sportacus911: folds 
pucelay.29: calls €0.02
josuavion: raises €0.04 to €0.06
DidieliPoker: folds 
pipinoelbreve9: folds 
pucelay.29: calls €0.04
*** FLOP *** [Jd 6h 4s]
pucelay.29: checks 
josuavion: bets €0.07
pucelay.29: folds 
Uncalled bet (€0.07) returned to josuavion
josuavion collected €0.14 from pot
josuavion: doesn't show hand 
*** SUMMARY ***
Total pot €0.15 | Rake €0.01 
Board [Jd 6h 4s]
Seat 1: josuavion (button) collected (€0.14)
Seat 2: DidieliPoker (small blind) folded before Flop
Seat 3: pipinoelbreve9 (big blind) folded before Flop
Seat 4: The_Qualm folded before Flop (didn't bet)
Seat 5: Sportacus911 folded before Flop (didn't bet)
Seat 6: pucelay.29 folded on the Flop



PokerStars Zoom Hand #257856290352:  Hold'em No Limit (€0.01/€0.02) - 2025/09/23 16:07:06 CET [2025/09/23 10:07:06 ET]
Table 'Arneb' 6-max Seat #1 is the button
Seat 1: LAROSA74 (€2.01 in chips) 
Seat 2: LOBICHISIMO (€2.29 in chips) 
Seat 3: Bellocas (€2.38 in chips) 
Seat 4: Nescoe (€2.17 in chips) 
Seat 5: spoke_6969 (€6.30 in chips) 
Seat 6: pipinoelbreve9 (€2 in chips) 
LOBICHISIMO: posts small blind €0.01
Bellocas: posts big blind €0.02
*** HOLE CARDS ***
Dealt to pipinoelbreve9 [3h 7h]
Nescoe: folds 
spoke_6969: folds 
pipinoelbreve9: folds 
LAROSA74: folds 
LOBICHISIMO: raises €0.02 to €0.04
Bellocas: raises €0.10 to €0.14
LOBICHISIMO: calls €0.10
*** FLOP *** [Ac As Qs]
LOBICHISIMO: checks 
Bellocas: checks 
*** TURN *** [Ac As Qs] [6c]
LOBICHISIMO: checks 
Bellocas: bets €0.14
LOBICHISIMO: calls €0.14
*** RIVER *** [Ac As Qs 6c] [3d]
LOBICHISIMO: checks 
Bellocas: bets €0.27
LOBICHISIMO: calls €0.27
*** SHOW DOWN ***
Bellocas: shows [Js Qc] (two pair, Aces and Queens)
LOBICHISIMO: shows [4s Ah] (three of a kind, Aces)
LOBICHISIMO collected €1.04 from pot
*** SUMMARY ***
Total pot €1.10 | Rake €0.06 
Board [Ac As Qs 6c 3d]
Seat 1: LAROSA74 (button) folded before Flop (didn't bet)
Seat 2: LOBICHISIMO (small blind) showed [4s Ah] and won (€1.04) with three of a kind, Aces
Seat 3: Bellocas (big blind) showed [Js Qc] and lost with two pair, Aces and Queens
Seat 4: Nescoe folded before Flop (didn't bet)
Seat 5: spoke_6969 folded before Flop (didn't bet)
Seat 6: pipinoelbreve9 folded before Flop (didn't bet)



PokerStars Zoom Hand #257856291026:  Hold'em No Limit (€0.01/€0.02) - 2025/09/23 16:07:11 CET [2025/09/23 10:07:11 ET]
Table 'Arneb' 6-max Seat #1 is the button
Seat 1: Siddharta33 (€1 in chips) 
Seat 2: lorocontento (€1 in chips) 
Seat 3: granotilla1 (€2.09 in chips) 
Seat 4: pipinoelbreve9 (€2 in chips) 
Seat 5: jlf06ps (€2.02 in chips) 
Seat 6: ivansalgueiro (€1.42 in chips) 
lorocontento: posts small blind €0.01
granotilla1: posts big blind €0.02
*** HOLE CARDS ***
Dealt to pipinoelbreve9 [Ac Ks]
pipinoelbreve9: raises €0.04 to €0.06
jlf06ps: raises €0.10 to €0.16
ivansalgueiro: folds 
Siddharta33: folds 
lorocontento: folds 
granotilla1: folds 
pipinoelbreve9: calls €0.10
*** FLOP *** [8d 4d As]
pipinoelbreve9: checks 
jlf06ps: checks 
*** TURN *** [8d 4d As] [7d]
pipinoelbreve9: bets €0.22
jlf06ps: calls €0.22
*** RIVER *** [8d 4d As 7d] [5s]
pipinoelbreve9: checks 
jlf06ps: checks 
*** SHOW DOWN ***
pipinoelbreve9: shows [Ac Ks] (a pair of Aces)
jlf06ps: mucks hand 
pipinoelbreve9 collected €0.75 from pot
*** SUMMARY ***
Total pot €0.79 | Rake €0.04 
Board [8d 4d As 7d 5s]
Seat 1: Siddharta33 (button) folded before Flop (didn't bet)
Seat 2: lorocontento (small blind) folded before Flop
Seat 3: granotilla1 (big blind) folded before Flop
Seat 4: pipinoelbreve9 showed [Ac Ks] and won (€0.75) with a pair of Aces
Seat 5: jlf06ps mucked [Qd Qc]
Seat 6: ivansalgueiro folded before Flop (didn't bet)



PokerStars Zoom Hand #257856288497:  Hold'em No Limit (€0.01/€0.02) - 2025/09/23 16:06:53 CET [2025/09/23 10:06:53 ET]
Table 'Arneb' 6-max Seat #1 is the button
Seat 1: lorocontento (€1 in chips) 
Seat 2: Sportacus911 (€2.06 in chips) 
Seat 3: The_Qualm (€2.27 in chips) 
Seat 4: tianzo56 (€2.07 in chips) 
Seat 5: pipinoelbreve9 (€2 in chips) 
Seat 6: Franxia (€2 in chips) 
Sportacus911: posts small blind €0.01
The_Qualm: posts big blind €0.02
*** HOLE CARDS ***
Dealt to pipinoelbreve9 [7h 3h]
tianzo56: calls €0.02
pipinoelbreve9: folds 
Franxia: folds 
lorocontento: folds 
Sportacus911: folds 
The_Qualm: checks 
*** FLOP *** [5d Ks 9h]
The_Qualm: checks 
tianzo56: checks 
*** TURN *** [5d Ks 9h] [7c]
The_Qualm: bets €0.04
tianzo56: calls €0.04
*** RIVER *** [5d Ks 9h 7c] [Qs]
The_Qualm: bets €0.12
tianzo56: calls €0.12
*** SHOW DOWN ***
The_Qualm: shows [6h 8h] (a straight, Five to Nine)
tianzo56: mucks hand 
The_Qualm collected €0.35 from pot
*** SUMMARY ***
Total pot €0.37 | Rake €0.02 
Board [5d Ks 9h 7c Qs]
Seat 1: lorocontento (button) folded before Flop (didn't bet)
Seat 2: Sportacus911 (small blind) folded before Flop
Seat 3: The_Qualm (big blind) showed [6h 8h] and won (€0.35) with a straight, Five to Nine
Seat 4: tianzo56 mucked [Qc Ts]
Seat 5: pipinoelbreve9 folded before Flop (didn't bet)
Seat 6: Franxia folded before Flop (didn't bet)



PokerStars Zoom Hand #257856296473:  Hold'em No Limit (€0.01/€0.02) - 2025/09/23 16:07:48 CET [2025/09/23 10:07:48 ET]
Table 'Arneb' 6-max Seat #1 is the button
Seat 1: paul20025 (€2.38 in chips) 
Seat 2: emilezolla (€2.52 in chips) 
Seat 3: sukocash (€2 in chips) 
Seat 4: Nicanor Cast (€2.88 in chips) 
Seat 5: pipinoelbreve9 (€2.37 in chips) 
Seat 6: jpvacas (€2.09 in chips) 
emilezolla: posts small blind €0.01
sukocash: posts big blind €0.02
*** HOLE CARDS ***
Dealt to pipinoelbreve9 [As 9s]
Nicanor Cast: raises €0.03 to €0.05
pipinoelbreve9: calls €0.05
jpvacas: folds 
paul20025: folds 
emilezolla: folds 
sukocash: folds 
*** FLOP *** [4h 6d 5h]
Nicanor Cast: bets €0.06
pipinoelbreve9: folds 
Uncalled bet (€0.06) returned to Nicanor Cast
Nicanor Cast collected €0.12 from pot
Nicanor Cast: doesn't show hand 
*** SUMMARY ***
Total pot €0.13 | Rake €0.01 
Board [4h 6d 5h]
Seat 1: paul20025 (button) folded before Flop (didn't bet)
Seat 2: emilezolla (small blind) folded before Flop
Seat 3: sukocash (big blind) folded before Flop
Seat 4: Nicanor Cast collected (€0.12)
Seat 5: pipinoelbreve9 folded on the Flop
Seat 6: jpvacas folded before Flop (didn't bet)



PokerStars Zoom Hand #257856301310:  Hold'em No Limit (€0.01/€0.02) - 2025/09/23 16:08:22 CET [2025/09/23 10:08:22 ET]
Table 'Arneb' 6-max Seat #1 is the button
Seat 1: barripoker3 (€2 in chips) 
Seat 2: LittleVerole (€1.50 in chips) 
Seat 3: pipinoelbreve9 (€2.31 in chips) 
Seat 4: Nescoe (€2.14 in chips) 
Seat 5: granotilla1 (€2.06 in chips) 
Seat 6: Aldus24 (€2 in chips) 
LittleVerole: posts small blind €0.01
pipinoelbreve9: posts big blind €0.02
*** HOLE CARDS ***
Dealt to pipinoelbreve9 [Jc 4d]
Nescoe: folds 
granotilla1: folds 
Aldus24: raises €0.03 to €0.05
barripoker3: folds 
LittleVerole: folds 
pipinoelbreve9: folds 
Uncalled bet (€0.03) returned to Aldus24
Aldus24 collected €0.05 from pot
Aldus24: doesn't show hand 
*** SUMMARY ***
Total pot €0.05 | Rake €0 
Seat 1: barripoker3 (button) folded before Flop (didn't bet)
Seat 2: LittleVerole (small blind) folded before Flop
Seat 3: pipinoelbreve9 (big blind) folded before Flop
Seat 4: Nescoe folded before Flop (didn't bet)
Seat 5: granotilla1 folded before Flop (didn't bet)
Seat 6: Aldus24 collected (€0.05)



PokerStars Zoom Hand #257856303531:  Hold'em No Limit (€0.01/€0.02) - 2025/09/23 16:08:37 CET [2025/09/23 10:08:37 ET]
Table 'Arneb' 6-max Seat #1 is the button
Seat 1: Aldus24 (€2 in chips) 
Seat 2: SMN242 (€10.96 in chips) 
Seat 3: Bestiote (€1.65 in chips) 
Seat 4: pipinoelbreve9 (€2.29 in chips) 
Seat 5: Siddharta33 (€1 in chips) 
Seat 6: Nescoe (€4.20 in chips) 
SMN242: posts small blind €0.01
Bestiote: posts big blind €0.02
*** HOLE CARDS ***
Dealt to pipinoelbreve9 [9c 4c]
pipinoelbreve9: folds 
Siddharta33: folds 
Nescoe: raises €0.03 to €0.05
Aldus24: folds 
SMN242: folds 
Bestiote: folds 
Uncalled bet (€0.03) returned to Nescoe
Nescoe collected €0.05 from pot
Nescoe: doesn't show hand 
*** SUMMARY ***
Total pot €0.05 | Rake €0 
Seat 1: Aldus24 (button) folded before Flop (didn't bet)
Seat 2: SMN242 (small blind) folded before Flop
Seat 3: Bestiote (big blind) folded before Flop
Seat 4: pipinoelbreve9 folded before Flop (didn't bet)
Seat 5: Siddharta33 folded before Flop (didn't bet)
Seat 6: Nescoe collected (€0.05)



PokerStars Zoom Hand #257856303123:  Hold'em No Limit (€0.01/€0.02) - 2025/09/23 16:08:34 CET [2025/09/23 10:08:34 ET]
Table 'Arneb' 6-max Seat #1 is the button
Seat 1: pipinoelbreve9 (€2.29 in chips) 
Seat 2: Sportacus911 (€2 in chips) 
Seat 3: Pedromagicramir (€2.87 in chips) 
Seat 4: LOBICHISIMO (€2.56 in chips) 
Seat 5: DidieliPoker (€1.26 in chips) 
Seat 6: pokertestarudo (€1.44 in chips) 
Sportacus911: posts small blind €0.01
Pedromagicramir: posts big blind €0.02
*** HOLE CARDS ***
Dealt to pipinoelbreve9 [Th 6s]
LOBICHISIMO: folds 
DidieliPoker: folds 
pokertestarudo: raises €0.02 to €0.04
pipinoelbreve9: folds 
Sportacus911: folds 
Pedromagicramir: raises €0.02 to €0.06
pokertestarudo: raises €1.38 to €1.44 and is all-in
Pedromagicramir: folds 
Uncalled bet (€1.38) returned to pokertestarudo
pokertestarudo collected €0.13 from pot
pokertestarudo: doesn't show hand 
*** SUMMARY ***
Total pot €0.13 | Rake €0 
Seat 1: pipinoelbreve9 (button) folded before Flop (didn't bet)
Seat 2: Sportacus911 (small blind) folded before Flop
Seat 3: Pedromagicramir (big blind) folded before Flop
Seat 4: LOBICHISIMO folded before Flop (didn't bet)
Seat 5: DidieliPoker folded before Flop (didn't bet)
Seat 6: pokertestarudo collected (€0.13)



PokerStars Zoom Hand #257856304593:  Hold'em No Limit (€0.01/€0.02) - 2025/09/23 16:08:45 CET [2025/09/23 10:08:45 ET]
Table 'Arneb' 6-max Seat #1 is the button
Seat 1: ivansalgueiro (€1.37 in chips) 
Seat 2: Siddharta33 (€1 in chips) 
Seat 3: Nescoe (€2.69 in chips) 
Seat 4: Franxia (€2.20 in chips) 
Seat 5: zhouweiyi888 (€3.11 in chips) 
Seat 6: pipinoelbreve9 (€2.29 in chips) 
Siddharta33: posts small blind €0.01
Nescoe: posts big blind €0.02
*** HOLE CARDS ***
Dealt to pipinoelbreve9 [Kh Ks]
Franxia: folds 
zhouweiyi888: folds 
pipinoelbreve9: raises €0.04 to €0.06
ivansalgueiro: folds 
Siddharta33: folds 
Nescoe: raises €0.18 to €0.24
pipinoelbreve9: raises €2.05 to €2.29 and is all-in
Nescoe: folds 
Uncalled bet (€2.05) returned to pipinoelbreve9
pipinoelbreve9 collected €0.49 from pot
pipinoelbreve9: doesn't show hand 
*** SUMMARY ***
Total pot €0.49 | Rake €0 
Seat 1: ivansalgueiro (button) folded before Flop (didn't bet)
Seat 2: Siddharta33 (small blind) folded before Flop
Seat 3: Nescoe (big blind) folded before Flop
Seat 4: Franxia folded before Flop (didn't bet)
Seat 5: zhouweiyi888 folded before Flop (didn't bet)
Seat 6: pipinoelbreve9 collected (€0.49)



PokerStars Zoom Hand #257856304019:  Hold'em No Limit (€0.01/€0.02) - 2025/09/23 16:08:41 CET [2025/09/23 10:08:41 ET]
Table 'Arneb' 6-max Seat #1 is the button
Seat 1: damastodas (€0.72 in chips) 
Seat 2: granotilla1 (€2.07 in chips) 
Seat 3: SmOuL123 (€1.86 in chips) 
Seat 4: pipinoelbreve9 (€2.29 in chips) 
Seat 5: AnxoGM (€2.84 in chips) 
Seat 6: lorocontento (€1 in chips) 
granotilla1: posts small blind €0.01
SmOuL123: posts big blind €0.02
*** HOLE CARDS ***
Dealt to pipinoelbreve9 [4c Ah]
pipinoelbreve9: folds 
AnxoGM: folds 
lorocontento: folds 
damastodas: calls €0.02
granotilla1: folds 
SmOuL123: checks 
*** FLOP *** [9c 7c 7s]
SmOuL123: checks 
damastodas: checks 
*** TURN *** [9c 7c 7s] [4h]
SmOuL123: checks 
damastodas: bets €0.02
SmOuL123: calls €0.02
*** RIVER *** [9c 7c 7s 4h] [Ad]
SmOuL123: bets €0.08
damastodas: folds 
Uncalled bet (€0.08) returned to SmOuL123
SmOuL123 collected €0.09 from pot
SmOuL123: doesn't show hand 
*** SUMMARY ***
Total pot €0.09 | Rake €0 
Board [9c 7c 7s 4h Ad]
Seat 1: damastodas (button) folded on the River
Seat 2: granotilla1 (small blind) folded before Flop
Seat 3: SmOuL123 (big blind) collected (€0.09)
Seat 4: pipinoelbreve9 folded before Flop (didn't bet)
Seat 5: AnxoGM folded before Flop (didn't bet)
Seat 6: lorocontento folded before Flop (didn't bet)



PokerStars Zoom Hand #257856308129:  Hold'em No Limit (€0.01/€0.02) - 2025/09/23 16:09:09 CET [2025/09/23 10:09:09 ET]
Table 'Arneb' 6-max Seat #1 is the button
Seat 1: barripoker3 (€2.03 in chips) 
Seat 2: pipinoelbreve9 (€2.54 in chips) 
Seat 3: lilmacumba2 (€1.26 in chips) 
Seat 4: Nicanor Cast (€3.95 in chips) 
Seat 5: Siddharta33 (€1.04 in chips) 
Seat 6: SMN242 (€10.94 in chips) 
pipinoelbreve9: posts small blind €0.01
lilmacumba2: posts big blind €0.02
*** HOLE CARDS ***
Dealt to pipinoelbreve9 [9s 2c]
Nicanor Cast: folds 
Siddharta33: folds 
SMN242: folds 
barripoker3: folds 
pipinoelbreve9: folds 
Uncalled bet (€0.01) returned to lilmacumba2
lilmacumba2 collected €0.02 from pot
lilmacumba2: doesn't show hand 
*** SUMMARY ***
Total pot €0.02 | Rake €0 
Seat 1: barripoker3 (button) folded before Flop (didn't bet)
Seat 2: pipinoelbreve9 (small blind) folded before Flop
Seat 3: lilmacumba2 (big blind) collected (€0.02)
Seat 4: Nicanor Cast folded before Flop (didn't bet)
Seat 5: Siddharta33 folded before Flop (didn't bet)
Seat 6: SMN242 folded before Flop (didn't bet)



PokerStars Zoom Hand #257856300511:  Hold'em No Limit (€0.01/€0.02) - 2025/09/23 16:08:16 CET [2025/09/23 10:08:16 ET]
Table 'Arneb' 6-max Seat #1 is the button
Seat 1: The_Qualm (€2.21 in chips) 
Seat 2: pipinoelbreve9 (€2.32 in chips) 
Seat 3: SMN242 (€10.98 in chips) 
Seat 4: pucelay.29 (€0.97 in chips) 
Seat 5: NEMOXYX (€3.76 in chips) 
Seat 6: jpvacas (€2 in chips) 
pipinoelbreve9: posts small blind €0.01
SMN242: posts big blind €0.02
*** HOLE CARDS ***
Dealt to pipinoelbreve9 [2h 4d]
pucelay.29: calls €0.02
NEMOXYX: folds 
jpvacas: raises €0.12 to €0.14
The_Qualm: raises €0.14 to €0.28
pipinoelbreve9: folds 
SMN242: folds 
pucelay.29: folds 
jpvacas: calls €0.14
*** FLOP *** [Kh Qs 7s]
jpvacas: checks 
The_Qualm: bets €0.17
jpvacas: calls €0.17
*** TURN *** [Kh Qs 7s] [4c]
jpvacas: checks 
The_Qualm: checks 
*** RIVER *** [Kh Qs 7s 4c] [Jd]
jpvacas: checks 
The_Qualm: checks 
*** SHOW DOWN ***
jpvacas: shows [Jh Ah] (a pair of Jacks)
The_Qualm: shows [As Qd] (a pair of Queens)
The_Qualm collected €0.90 from pot
*** SUMMARY ***
Total pot €0.95 | Rake €0.05 
Board [Kh Qs 7s 4c Jd]
Seat 1: The_Qualm (button) showed [As Qd] and won (€0.90) with a pair of Queens
Seat 2: pipinoelbreve9 (small blind) folded before Flop
Seat 3: SMN242 (big blind) folded before Flop
Seat 4: pucelay.29 folded before Flop
Seat 5: NEMOXYX folded before Flop (didn't bet)
Seat 6: jpvacas showed [Jh Ah] and lost with a pair of Jacks



PokerStars Zoom Hand #257856309526:  Hold'em No Limit (€0.01/€0.02) - 2025/09/23 16:09:18 CET [2025/09/23 10:09:18 ET]
Table 'Arneb' 6-max Seat #1 is the button
Seat 1: jpvacas (€2.08 in chips) 
Seat 2: sukocash (€2 in chips) 
Seat 3: flouxx83 (€2.06 in chips) 
Seat 4: Bellocas (€2.17 in chips) 
Seat 5: jlf06ps (€1.60 in chips) 
Seat 6: pipinoelbreve9 (€2.53 in chips) 
sukocash: posts small blind €0.01
flouxx83: posts big blind €0.02
*** HOLE CARDS ***
Dealt to pipinoelbreve9 [Js 9h]
Bellocas: raises €0.03 to €0.05
jlf06ps: folds 
pipinoelbreve9: folds 
jpvacas: folds 
sukocash: calls €0.04
flouxx83: folds 
*** FLOP *** [Jh 3s Kh]
sukocash: checks 
Bellocas: bets €0.03
sukocash: calls €0.03
*** TURN *** [Jh 3s Kh] [9s]
sukocash: bets €0.05
Bellocas: calls €0.05
*** RIVER *** [Jh 3s Kh 9s] [Tc]
sukocash: bets €0.20
Bellocas: calls €0.20
*** SHOW DOWN ***
sukocash: shows [Kc Td] (two pair, Kings and Tens)
Bellocas: shows [Ts Ks] (two pair, Kings and Tens)
sukocash collected €0.33 from pot
Bellocas collected €0.32 from pot
*** SUMMARY ***
Total pot €0.68 | Rake €0.03 
Board [Jh 3s Kh 9s Tc]
Seat 1: jpvacas (button) folded before Flop (didn't bet)
Seat 2: sukocash (small blind) showed [Kc Td] and won (€0.33) with two pair, Kings and Tens
Seat 3: flouxx83 (big blind) folded before Flop
Seat 4: Bellocas showed [Ts Ks] and won (€0.32) with two pair, Kings and Tens
Seat 5: jlf06ps folded before Flop (didn't bet)
Seat 6: pipinoelbreve9 folded before Flop (didn't bet)



PokerStars Zoom Hand #257856310871:  Hold'em No Limit (€0.01/€0.02) - 2025/09/23 16:09:27 CET [2025/09/23 10:09:27 ET]
Table 'Arneb' 6-max Seat #1 is the button
Seat 1: pipinoelbreve9 (€2.53 in chips) 
Seat 2: MDKristian (€2 in chips) 
Seat 3: 34pluto (€2 in chips) 
Seat 4: Sportacus911 (€2.03 in chips) 
Seat 5: jpvacas (€2.08 in chips) 
Seat 6: barripoker3 (€2.02 in chips) 
MDKristian: posts small blind €0.01
34pluto: posts big blind €0.02
*** HOLE CARDS ***
Dealt to pipinoelbreve9 [7h 7d]
Sportacus911: raises €0.04 to €0.06
jpvacas: folds 
barripoker3: folds 
pipinoelbreve9: calls €0.06
MDKristian: folds 
34pluto: calls €0.04
*** FLOP *** [Jh 7s 5c]
34pluto: checks 
Sportacus911: checks 
pipinoelbreve9: bets €0.09
34pluto: calls €0.09
Sportacus911: folds 
*** TURN *** [Jh 7s 5c] [Tc]
34pluto: checks 
pipinoelbreve9: bets €0.24
34pluto: folds 
Uncalled bet (€0.24) returned to pipinoelbreve9
pipinoelbreve9 collected €0.35 from pot
pipinoelbreve9: doesn't show hand 
*** SUMMARY ***
Total pot €0.37 | Rake €0.02 
Board [Jh 7s 5c Tc]
Seat 1: pipinoelbreve9 (button) collected (€0.35)
Seat 2: MDKristian (small blind) folded before Flop
Seat 3: 34pluto (big blind) folded on the Turn
Seat 4: Sportacus911 folded on the Flop
Seat 5: jpvacas folded before Flop (didn't bet)
Seat 6: barripoker3 folded before Flop (didn't bet)



PokerStars Zoom Hand #257856317429:  Hold'em No Limit (€0.01/€0.02) - 2025/09/23 16:10:12 CET [2025/09/23 10:10:12 ET]
Table 'Arneb' 6-max Seat #1 is the button
Seat 1: LittleVerole (€1.82 in chips) 
Seat 2: 34pluto (€1.85 in chips) 
Seat 3: pipinoelbreve9 (€2.73 in chips) 
Seat 4: Franxia (€2.15 in chips) 
Seat 5: pucelay.29 (€1.14 in chips) 
Seat 6: Siddharta33 (€3.96 in chips) 
34pluto: posts small blind €0.01
pipinoelbreve9: posts big blind €0.02
*** HOLE CARDS ***
Dealt to pipinoelbreve9 [Qd 3s]
Franxia: folds 
pucelay.29: calls €0.02
Siddharta33: folds 
LittleVerole: folds 
34pluto: folds 
pipinoelbreve9: checks 
*** FLOP *** [8c Tc 3h]
pipinoelbreve9: checks 
pucelay.29: checks 
*** TURN *** [8c Tc 3h] [Ac]
pipinoelbreve9: checks 
pucelay.29: checks 
*** RIVER *** [8c Tc 3h Ac] [Kc]
pipinoelbreve9: checks 
pucelay.29: checks 
*** SHOW DOWN ***
pipinoelbreve9: shows [Qd 3s] (a pair of Threes)
pucelay.29: mucks hand 
pipinoelbreve9 collected €0.05 from pot
*** SUMMARY ***
Total pot €0.05 | Rake €0 
Board [8c Tc 3h Ac Kc]
Seat 1: LittleVerole (button) folded before Flop (didn't bet)
Seat 2: 34pluto (small blind) folded before Flop
Seat 3: pipinoelbreve9 (big blind) showed [Qd 3s] and won (€0.05) with a pair of Threes
Seat 4: Franxia folded before Flop (didn't bet)
Seat 5: pucelay.29 mucked [5d 4d]
Seat 6: Siddharta33 folded before Flop (didn't bet)



PokerStars Zoom Hand #257856324632:  Hold'em No Limit (€0.01/€0.02) - 2025/09/23 16:11:02 CET [2025/09/23 10:11:02 ET]
Table 'Arneb' 6-max Seat #1 is the button
Seat 1: spoke_6969 (€5.94 in chips) 
Seat 2: ivansalgueiro (€1.62 in chips) 
Seat 3: jurele (€0.35 in chips) 
Seat 4: AnxoGM (€2 in chips) 
Seat 5: pipinoelbreve9 (€2.76 in chips) 
Seat 6: pucelay.29 (€1.12 in chips) 
ivansalgueiro: posts small blind €0.01
jurele: posts big blind €0.02
*** HOLE CARDS ***
Dealt to pipinoelbreve9 [As Ts]
AnxoGM: folds 
pipinoelbreve9: raises €0.04 to €0.06
pucelay.29: folds 
spoke_6969: folds 
ivansalgueiro: calls €0.05
jurele: calls €0.04
*** FLOP *** [8d Kc 4d]
ivansalgueiro: checks 
jurele: checks 
pipinoelbreve9: bets €0.08
ivansalgueiro: folds 
jurele: folds 
Uncalled bet (€0.08) returned to pipinoelbreve9
pipinoelbreve9 collected €0.17 from pot
pipinoelbreve9: doesn't show hand 
*** SUMMARY ***
Total pot €0.18 | Rake €0.01 
Board [8d Kc 4d]
Seat 1: spoke_6969 (button) folded before Flop (didn't bet)
Seat 2: ivansalgueiro (small blind) folded on the Flop
Seat 3: jurele (big blind) folded on the Flop
Seat 4: AnxoGM folded before Flop (didn't bet)
Seat 5: pipinoelbreve9 collected (€0.17)
Seat 6: pucelay.29 folded before Flop (didn't bet)



PokerStars Zoom Hand #257856331367:  Hold'em No Limit (€0.01/€0.02) - 2025/09/23 16:11:47 CET [2025/09/23 10:11:47 ET]
Table 'Arneb' 6-max Seat #1 is the button
Seat 1: Nescoe (€3.95 in chips) 
Seat 2: pipinoelbreve9 (€2.87 in chips) 
Seat 3: Bestiote (€1.39 in chips) 
Seat 4: rios20 (€2.02 in chips) 
Seat 5: martine4839 (€2.26 in chips) 
Seat 6: DavSnook (€4.21 in chips) 
pipinoelbreve9: posts small blind €0.01
Bestiote: posts big blind €0.02
*** HOLE CARDS ***
Dealt to pipinoelbreve9 [8s Kh]
rios20: folds 
martine4839: folds 
DavSnook: raises €0.05 to €0.07
Nescoe: folds 
pipinoelbreve9: folds 
Bestiote: folds 
Uncalled bet (€0.05) returned to DavSnook
DavSnook collected €0.05 from pot
DavSnook: doesn't show hand 
*** SUMMARY ***
Total pot €0.05 | Rake €0 
Seat 1: Nescoe (button) folded before Flop (didn't bet)
Seat 2: pipinoelbreve9 (small blind) folded before Flop
Seat 3: Bestiote (big blind) folded before Flop
Seat 4: rios20 folded before Flop (didn't bet)
Seat 5: martine4839 folded before Flop (didn't bet)
Seat 6: DavSnook collected (€0.05)



PokerStars Zoom Hand #257856330786:  Hold'em No Limit (€0.01/€0.02) - 2025/09/23 16:11:43 CET [2025/09/23 10:11:43 ET]
Table 'Arneb' 6-max Seat #1 is the button
Seat 1: The_Qualm (€2.50 in chips) 
Seat 2: sukocash (€2 in chips) 
Seat 3: Tropki (€2 in chips) 
Seat 4: pipinoelbreve9 (€2.87 in chips) 
Seat 5: Fvieira1984 (€1.76 in chips) 
Seat 6: martine4839 (€2.26 in chips) 
sukocash: posts small blind €0.01
Tropki: posts big blind €0.02
*** HOLE CARDS ***
Dealt to pipinoelbreve9 [4h Qc]
pipinoelbreve9: folds 
Fvieira1984: raises €0.04 to €0.06
martine4839: folds 
The_Qualm: raises €0.10 to €0.16
sukocash: folds 
Tropki: folds 
Fvieira1984: folds 
Uncalled bet (€0.10) returned to The_Qualm
The_Qualm collected €0.15 from pot
The_Qualm: doesn't show hand 
*** SUMMARY ***
Total pot €0.15 | Rake €0 
Seat 1: The_Qualm (button) collected (€0.15)
Seat 2: sukocash (small blind) folded before Flop
Seat 3: Tropki (big blind) folded before Flop
Seat 4: pipinoelbreve9 folded before Flop (didn't bet)
Seat 5: Fvieira1984 folded before Flop
Seat 6: martine4839 folded before Flop (didn't bet)



PokerStars Zoom Hand #257856329693:  Hold'em No Limit (€0.01/€0.02) - 2025/09/23 16:11:36 CET [2025/09/23 10:11:36 ET]
Table 'Arneb' 6-max Seat #1 is the button
Seat 1: DavSnook (€0.97 in chips) 
Seat 2: jpvacas (€2.59 in chips) 
Seat 3: kaou35 (€1.93 in chips) 
Seat 4: LittleVerole (€1.40 in chips) 
Seat 5: pipinoelbreve9 (€2.87 in chips) 
Seat 6: MDKristian (€2.02 in chips) 
jpvacas: posts small blind €0.01
kaou35: posts big blind €0.02
*** HOLE CARDS ***
Dealt to pipinoelbreve9 [Qc 4s]
LittleVerole: folds 
pipinoelbreve9: folds 
MDKristian: folds 
DavSnook: raises €0.05 to €0.07
jpvacas: folds 
kaou35: calls €0.05
*** FLOP *** [Qh 3d As]
kaou35: checks 
DavSnook: bets €0.07
kaou35: folds 
Uncalled bet (€0.07) returned to DavSnook
DavSnook collected €0.14 from pot
DavSnook: doesn't show hand 
*** SUMMARY ***
Total pot €0.15 | Rake €0.01 
Board [Qh 3d As]
Seat 1: DavSnook (button) collected (€0.14)
Seat 2: jpvacas (small blind) folded before Flop
Seat 3: kaou35 (big blind) folded on the Flop
Seat 4: LittleVerole folded before Flop (didn't bet)
Seat 5: pipinoelbreve9 folded before Flop (didn't bet)
Seat 6: MDKristian folded before Flop (didn't bet)



PokerStars Zoom Hand #257856332805:  Hold'em No Limit (€0.01/€0.02) - 2025/09/23 16:11:57 CET [2025/09/23 10:11:57 ET]
Table 'Arneb' 6-max Seat #1 is the button
Seat 1: emilezolla (€2.50 in chips) 
Seat 2: Nicanor Cast (€4.95 in chips) 
Seat 3: pipinoelbreve9 (€2.86 in chips) 
Seat 4: SFT17 (€2 in chips) 
Seat 5: LittleVerole (€1.40 in chips) 
Seat 6: madbikeman (€2.94 in chips) 
Nicanor Cast: posts small blind €0.01
pipinoelbreve9: posts big blind €0.02
*** HOLE CARDS ***
Dealt to pipinoelbreve9 [2d Jc]
SFT17: folds 
LittleVerole: folds 
madbikeman: raises €0.02 to €0.04
emilezolla: folds 
Nicanor Cast: folds 
pipinoelbreve9: folds 
Uncalled bet (€0.02) returned to madbikeman
madbikeman collected €0.05 from pot
madbikeman: doesn't show hand 
*** SUMMARY ***
Total pot €0.05 | Rake €0 
Seat 1: emilezolla (button) folded before Flop (didn't bet)
Seat 2: Nicanor Cast (small blind) folded before Flop
Seat 3: pipinoelbreve9 (big blind) folded before Flop
Seat 4: SFT17 folded before Flop (didn't bet)
Seat 5: LittleVerole folded before Flop (didn't bet)
Seat 6: madbikeman collected (€0.05)



PokerStars Zoom Hand #257856335217:  Hold'em No Limit (€0.01/€0.02) - 2025/09/23 16:12:14 CET [2025/09/23 10:12:14 ET]
Table 'Arneb' 6-max Seat #1 is the button
Seat 1: pipinoelbreve9 (€2.84 in chips) 
Seat 2: sukocash (€1.99 in chips) 
Seat 3: SFT17 (€2 in chips) 
Seat 4: martine4839 (€2.35 in chips) 
Seat 5: Nescoe (€2 in chips) 
Seat 6: LittleVerole (€1.40 in chips) 
sukocash: posts small blind €0.01
SFT17: posts big blind €0.02
*** HOLE CARDS ***
Dealt to pipinoelbreve9 [Tc 3c]
martine4839: raises €0.03 to €0.05
Nescoe: folds 
LittleVerole: folds 
pipinoelbreve9: folds 
sukocash: folds 
SFT17: calls €0.03
*** FLOP *** [As Ah Ks]
SFT17: bets €0.03
martine4839: calls €0.03
*** TURN *** [As Ah Ks] [5d]
SFT17: checks 
martine4839: bets €0.08
SFT17: folds 
Uncalled bet (€0.08) returned to martine4839
martine4839 collected €0.16 from pot
martine4839: doesn't show hand 
*** SUMMARY ***
Total pot €0.17 | Rake €0.01 
Board [As Ah Ks 5d]
Seat 1: pipinoelbreve9 (button) folded before Flop (didn't bet)
Seat 2: sukocash (small blind) folded before Flop
Seat 3: SFT17 (big blind) folded on the Turn
Seat 4: martine4839 collected (€0.16)
Seat 5: Nescoe folded before Flop (didn't bet)
Seat 6: LittleVerole folded before Flop (didn't bet)



PokerStars Zoom Hand #257856336468:  Hold'em No Limit (€0.01/€0.02) - 2025/09/23 16:12:23 CET [2025/09/23 10:12:23 ET]
Table 'Arneb' 6-max Seat #1 is the button
Seat 1: Fvieira1984 (€1.70 in chips) 
Seat 2: jpvacas (€2.03 in chips) 
Seat 3: Nescoe (€2 in chips) 
Seat 4: aaronroxi (€2.27 in chips) 
Seat 5: poteaarte (€3.17 in chips) 
Seat 6: pipinoelbreve9 (€2.84 in chips) 
jpvacas: posts small blind €0.01
Nescoe: posts big blind €0.02
*** HOLE CARDS ***
Dealt to pipinoelbreve9 [Tc 7h]
aaronroxi: folds 
poteaarte: folds 
pipinoelbreve9: folds 
Fvieira1984: raises €0.05 to €0.07
jpvacas: folds 
Nescoe: calls €0.05
*** FLOP *** [Ks Kh 9c]
Nescoe: checks 
Fvieira1984: bets €0.05
Nescoe: calls €0.05
*** TURN *** [Ks Kh 9c] [3d]
Nescoe: checks 
Fvieira1984: bets €0.13
Nescoe: raises €0.25 to €0.38
Fvieira1984: raises €0.25 to €0.63
Nescoe: calls €0.25
*** RIVER *** [Ks Kh 9c 3d] [Th]
Nescoe: checks 
Fvieira1984: bets €0.95 and is all-in
Nescoe: folds 
Uncalled bet (€0.95) returned to Fvieira1984
Fvieira1984 collected €1.43 from pot
Fvieira1984: doesn't show hand 
*** SUMMARY ***
Total pot €1.51 | Rake €0.08 
Board [Ks Kh 9c 3d Th]
Seat 1: Fvieira1984 (button) collected (€1.43)
Seat 2: jpvacas (small blind) folded before Flop
Seat 3: Nescoe (big blind) folded on the River
Seat 4: aaronroxi folded before Flop (didn't bet)
Seat 5: poteaarte folded before Flop (didn't bet)
Seat 6: pipinoelbreve9 folded before Flop (didn't bet)



PokerStars Zoom Hand #257856337197:  Hold'em No Limit (€0.01/€0.02) - 2025/09/23 16:12:27 CET [2025/09/23 10:12:27 ET]
Table 'Arneb' 6-max Seat #1 is the button
Seat 1: LOBICHISIMO (€2.23 in chips) 
Seat 2: Aldus24 (€2 in chips) 
Seat 3: Sportacus911 (€2.85 in chips) 
Seat 4: MDKristian (€2 in chips) 
Seat 5: pipinoelbreve9 (€2.84 in chips) 
Seat 6: kaou35 (€1.84 in chips) 
Aldus24: posts small blind €0.01
Sportacus911: posts big blind €0.02
*** HOLE CARDS ***
Dealt to pipinoelbreve9 [Jh Kh]
MDKristian: folds 
pipinoelbreve9: raises €0.04 to €0.06
kaou35: raises €0.15 to €0.21
LOBICHISIMO: folds 
Aldus24: folds 
Sportacus911: folds 
pipinoelbreve9: calls €0.15
*** FLOP *** [6s 8s 5h]
pipinoelbreve9: checks 
kaou35: bets €0.39
pipinoelbreve9: folds 
Uncalled bet (€0.39) returned to kaou35
kaou35 collected €0.43 from pot
kaou35: doesn't show hand 
*** SUMMARY ***
Total pot €0.45 | Rake €0.02 
Board [6s 8s 5h]
Seat 1: LOBICHISIMO (button) folded before Flop (didn't bet)
Seat 2: Aldus24 (small blind) folded before Flop
Seat 3: Sportacus911 (big blind) folded before Flop
Seat 4: MDKristian folded before Flop (didn't bet)
Seat 5: pipinoelbreve9 folded on the Flop
Seat 6: kaou35 collected (€0.43)



PokerStars Zoom Hand #257856343545:  Hold'em No Limit (€0.01/€0.02) - 2025/09/23 16:13:10 CET [2025/09/23 10:13:10 ET]
Table 'Arneb' 6-max Seat #1 is the button
Seat 1: Aeptak (€0.93 in chips) 
Seat 2: pipinoelbreve9 (€2.63 in chips) 
Seat 3: CORDEVIGO (€2.14 in chips) 
Seat 4: Siddharta33 (€1.03 in chips) 
Seat 5: emilezolla (€2.58 in chips) 
Seat 6: paul20025 (€1.77 in chips) 
pipinoelbreve9: posts small blind €0.01
CORDEVIGO: posts big blind €0.02
*** HOLE CARDS ***
Dealt to pipinoelbreve9 [Tc 5s]
Siddharta33: folds 
emilezolla: folds 
paul20025: folds 
Aeptak: folds 
pipinoelbreve9: folds 
Uncalled bet (€0.01) returned to CORDEVIGO
CORDEVIGO collected €0.02 from pot
CORDEVIGO: doesn't show hand 
*** SUMMARY ***
Total pot €0.02 | Rake €0 
Seat 1: Aeptak (button) folded before Flop (didn't bet)
Seat 2: pipinoelbreve9 (small blind) folded before Flop
Seat 3: CORDEVIGO (big blind) collected (€0.02)
Seat 4: Siddharta33 folded before Flop (didn't bet)
Seat 5: emilezolla folded before Flop (didn't bet)
Seat 6: paul20025 folded before Flop (didn't bet)



PokerStars Zoom Hand #257856344133:  Hold'em No Limit (€0.01/€0.02) - 2025/09/23 16:13:14 CET [2025/09/23 10:13:14 ET]
Table 'Arneb' 6-max Seat #1 is the button
Seat 1: Freakyshiro (€1.25 in chips) 
Seat 2: emilezolla (€2.58 in chips) 
Seat 3: DidieliPoker (€1.24 in chips) 
Seat 4: pipinoelbreve9 (€2.62 in chips) 
Seat 5: ivansalgueiro (€1.58 in chips) 
Seat 6: MDKristian (€2.20 in chips) 
emilezolla: posts small blind €0.01
DidieliPoker: posts big blind €0.02
*** HOLE CARDS ***
Dealt to pipinoelbreve9 [7s Qc]
pipinoelbreve9: folds 
ivansalgueiro: folds 
MDKristian: folds 
Freakyshiro: calls €0.02
emilezolla: calls €0.01
DidieliPoker: checks 
*** FLOP *** [Jc 2s Qh]
emilezolla: checks 
DidieliPoker: checks 
Freakyshiro: bets €0.04
emilezolla: folds 
DidieliPoker: folds 
Uncalled bet (€0.04) returned to Freakyshiro
Freakyshiro collected €0.06 from pot
Freakyshiro: doesn't show hand 
*** SUMMARY ***
Total pot €0.06 | Rake €0 
Board [Jc 2s Qh]
Seat 1: Freakyshiro (button) collected (€0.06)
Seat 2: emilezolla (small blind) folded on the Flop
Seat 3: DidieliPoker (big blind) folded on the Flop
Seat 4: pipinoelbreve9 folded before Flop (didn't bet)
Seat 5: ivansalgueiro folded before Flop (didn't bet)
Seat 6: MDKristian folded before Flop (didn't bet)



PokerStars Zoom Hand #257856345145:  Hold'em No Limit (€0.01/€0.02) - 2025/09/23 16:13:21 CET [2025/09/23 10:13:21 ET]
Table 'Arneb' 6-max Seat #1 is the button
Seat 1: MDKristian (€2 in chips) 
Seat 2: kaou35 (€1.76 in chips) 
Seat 3: pipinoelbreve9 (€2.62 in chips) 
Seat 4: paul20025 (€1.77 in chips) 
Seat 5: rios20 (€2.12 in chips) 
Seat 6: SFT17 (€2.18 in chips) 
kaou35: posts small blind €0.01
pipinoelbreve9: posts big blind €0.02
*** HOLE CARDS ***
Dealt to pipinoelbreve9 [8h 9d]
paul20025: calls €0.02
rios20: folds 
SFT17: folds 
MDKristian: raises €0.13 to €0.15
kaou35: folds 
pipinoelbreve9: folds 
paul20025: calls €0.13
*** FLOP *** [Qd 2d 6d]
paul20025: bets €0.10
MDKristian: calls €0.10
*** TURN *** [Qd 2d 6d] [2h]
paul20025: bets €0.12
MDKristian: calls €0.12
*** RIVER *** [Qd 2d 6d 2h] [Qc]
paul20025: bets €0.30
MDKristian: calls €0.30
*** SHOW DOWN ***
paul20025: shows [Qh Jd] (a full house, Queens full of Deuces)
MDKristian: mucks hand 
paul20025 collected €1.30 from pot
*** SUMMARY ***
Total pot €1.37 | Rake €0.07 
Board [Qd 2d 6d 2h Qc]
Seat 1: MDKristian (button) mucked [Jc As]
Seat 2: kaou35 (small blind) folded before Flop
Seat 3: pipinoelbreve9 (big blind) folded before Flop
Seat 4: paul20025 showed [Qh Jd] and won (€1.30) with a full house, Queens full of Deuces
Seat 5: rios20 folded before Flop (didn't bet)
Seat 6: SFT17 folded before Flop (didn't bet)



PokerStars Zoom Hand #257856349367:  Hold'em No Limit (€0.01/€0.02) - 2025/09/23 16:13:49 CET [2025/09/23 10:13:49 ET]
Table 'Arneb' 6-max Seat #1 is the button
Seat 1: MDKristian (€2 in chips) 
Seat 2: Aeptak (€0.87 in chips) 
Seat 3: DavSnook (€2.68 in chips) 
Seat 4: jpvacas (€2.08 in chips) 
Seat 5: martine4839 (€2.45 in chips) 
Seat 6: pipinoelbreve9 (€2.60 in chips) 
Aeptak: posts small blind €0.01
DavSnook: posts big blind €0.02
*** HOLE CARDS ***
Dealt to pipinoelbreve9 [7h 4h]
jpvacas: folds 
martine4839: folds 
pipinoelbreve9: folds 
MDKristian: raises €0.03 to €0.05
Aeptak: folds 
DavSnook: folds 
Uncalled bet (€0.03) returned to MDKristian
MDKristian collected €0.05 from pot
MDKristian: doesn't show hand 
*** SUMMARY ***
Total pot €0.05 | Rake €0 
Seat 1: MDKristian (button) collected (€0.05)
Seat 2: Aeptak (small blind) folded before Flop
Seat 3: DavSnook (big blind) folded before Flop
Seat 4: jpvacas folded before Flop (didn't bet)
Seat 5: martine4839 folded before Flop (didn't bet)
Seat 6: pipinoelbreve9 folded before Flop (didn't bet)



PokerStars Zoom Hand #257856344559:  Hold'em No Limit (€0.01/€0.02) - 2025/09/23 16:13:17 CET [2025/09/23 10:13:17 ET]
Table 'Arneb' 6-max Seat #1 is the button
Seat 1: MDKristian (€2.03 in chips) 
Seat 2: jpvacas (€2.63 in chips) 
Seat 3: kaou35 (€2.06 in chips) 
Seat 4: pipinoelbreve9 (€2.62 in chips) 
Seat 5: cakepaco (€1.79 in chips) 
Seat 6: confucius403 (€2.16 in chips) 
jpvacas: posts small blind €0.01
kaou35: posts big blind €0.02
*** HOLE CARDS ***
Dealt to pipinoelbreve9 [Tc 2d]
pipinoelbreve9: folds 
cakepaco: folds 
confucius403: calls €0.02
MDKristian: folds 
jpvacas: folds 
kaou35: checks 
*** FLOP *** [6h Ks 3d]
kaou35: bets €0.02
confucius403: calls €0.02
*** TURN *** [6h Ks 3d] [Kc]
kaou35: bets €0.03
confucius403: calls €0.03
*** RIVER *** [6h Ks 3d Kc] [Ah]
kaou35: bets €0.38
confucius403: folds 
Uncalled bet (€0.38) returned to kaou35
kaou35 collected €0.14 from pot
kaou35: doesn't show hand 
*** SUMMARY ***
Total pot €0.15 | Rake €0.01 
Board [6h Ks 3d Kc Ah]
Seat 1: MDKristian (button) folded before Flop (didn't bet)
Seat 2: jpvacas (small blind) folded before Flop
Seat 3: kaou35 (big blind) collected (€0.14)
Seat 4: pipinoelbreve9 folded before Flop (didn't bet)
Seat 5: cakepaco folded before Flop (didn't bet)
Seat 6: confucius403 folded on the River



PokerStars Zoom Hand #257856350399:  Hold'em No Limit (€0.01/€0.02) - 2025/09/23 16:13:57 CET [2025/09/23 10:13:57 ET]
Table 'Arneb' 6-max Seat #1 is the button
Seat 1: jpvacas (€2 in chips) 
Seat 2: CORDEVIGO (€2.13 in chips) 
Seat 3: MaxiMick (€2.03 in chips) 
Seat 4: pipinoelbreve9 (€2.60 in chips) 
Seat 5: Sportacus911 (€2.95 in chips) 
Seat 6: kaou35 (€2.04 in chips) 
CORDEVIGO: posts small blind €0.01
MaxiMick: posts big blind €0.02
*** HOLE CARDS ***
Dealt to pipinoelbreve9 [9d Js]
pipinoelbreve9: folds 
Sportacus911: folds 
kaou35: folds 
jpvacas: raises €0.04 to €0.06
CORDEVIGO: folds 
MaxiMick: folds 
Uncalled bet (€0.04) returned to jpvacas
jpvacas collected €0.05 from pot
jpvacas: doesn't show hand 
*** SUMMARY ***
Total pot €0.05 | Rake €0 
Seat 1: jpvacas (button) collected (€0.05)
Seat 2: CORDEVIGO (small blind) folded before Flop
Seat 3: MaxiMick (big blind) folded before Flop
Seat 4: pipinoelbreve9 folded before Flop (didn't bet)
Seat 5: Sportacus911 folded before Flop (didn't bet)
Seat 6: kaou35 folded before Flop (didn't bet)



PokerStars Zoom Hand #257856346866:  Hold'em No Limit (€0.01/€0.02) - 2025/09/23 16:13:32 CET [2025/09/23 10:13:32 ET]
Table 'Arneb' 6-max Seat #1 is the button
Seat 1: pipinoelbreve9 (€2.60 in chips) 
Seat 2: LOBICHISIMO (€1.99 in chips) 
Seat 3: jpvacas (€2 in chips) 
Seat 4: MDKristian (€2.01 in chips) 
Seat 5: kaou35 (€2.03 in chips) 
Seat 6: LittleVerole (€1.04 in chips) 
LOBICHISIMO: posts small blind €0.01
jpvacas: posts big blind €0.02
*** HOLE CARDS ***
Dealt to pipinoelbreve9 [Kh 9s]
MDKristian: folds 
kaou35: raises €0.04 to €0.06
LittleVerole: calls €0.06
pipinoelbreve9: folds 
LOBICHISIMO: calls €0.05
jpvacas: folds 
*** FLOP *** [6h Ac 7h]
LOBICHISIMO: checks 
kaou35: bets €0.17
LittleVerole: folds 
LOBICHISIMO: calls €0.17
*** TURN *** [6h Ac 7h] [7s]
LOBICHISIMO: checks 
kaou35: checks 
*** RIVER *** [6h Ac 7h 7s] [6c]
LOBICHISIMO: checks 
kaou35: bets €0.82
LOBICHISIMO: folds 
Uncalled bet (€0.82) returned to kaou35
kaou35 collected €0.51 from pot
kaou35: doesn't show hand 
*** SUMMARY ***
Total pot €0.54 | Rake €0.03 
Board [6h Ac 7h 7s 6c]
Seat 1: pipinoelbreve9 (button) folded before Flop (didn't bet)
Seat 2: LOBICHISIMO (small blind) folded on the River
Seat 3: jpvacas (big blind) folded before Flop
Seat 4: MDKristian folded before Flop (didn't bet)
Seat 5: kaou35 collected (€0.51)
Seat 6: LittleVerole folded on the Flop



PokerStars Zoom Hand #257856351022:  Hold'em No Limit (€0.01/€0.02) - 2025/09/23 16:14:01 CET [2025/09/23 10:14:01 ET]
Table 'Arneb' 6-max Seat #1 is the button
Seat 1: AnxoGM (€3.06 in chips) 
Seat 2: pucelay.29 (€1.95 in chips) 
Seat 3: pipinoelbreve9 (€2.60 in chips) 
Seat 4: MDKristian (€2 in chips) 
Seat 5: Sportacus911 (€2.95 in chips) 
Seat 6: CORDEVIGO (€2.12 in chips) 
pucelay.29: posts small blind €0.01
pipinoelbreve9: posts big blind €0.02
*** HOLE CARDS ***
Dealt to pipinoelbreve9 [5h Qh]
MDKristian: folds 
Sportacus911: folds 
CORDEVIGO: folds 
AnxoGM: raises €0.03 to €0.05
pucelay.29: folds 
pipinoelbreve9: calls €0.03
*** FLOP *** [Th Ad 5d]
pipinoelbreve9: checks 
AnxoGM: checks 
*** TURN *** [Th Ad 5d] [Tc]
pipinoelbreve9: checks 
AnxoGM: bets €0.08
pipinoelbreve9: folds 
Uncalled bet (€0.08) returned to AnxoGM
AnxoGM collected €0.10 from pot
AnxoGM: doesn't show hand 
*** SUMMARY ***
Total pot €0.11 | Rake €0.01 
Board [Th Ad 5d Tc]
Seat 1: AnxoGM (button) collected (€0.10)
Seat 2: pucelay.29 (small blind) folded before Flop
Seat 3: pipinoelbreve9 (big blind) folded on the Turn
Seat 4: MDKristian folded before Flop (didn't bet)
Seat 5: Sportacus911 folded before Flop (didn't bet)
Seat 6: CORDEVIGO folded before Flop (didn't bet)



PokerStars Zoom Hand #257856354468:  Hold'em No Limit (€0.01/€0.02) - 2025/09/23 16:14:24 CET [2025/09/23 10:14:24 ET]
Table 'Arneb' 6-max Seat #1 is the button
Seat 1: kaou35 (€1.83 in chips) 
Seat 2: pipinoelbreve9 (€2.55 in chips) 
Seat 3: CORDEVIGO (€2.12 in chips) 
Seat 4: ivansalgueiro (€1.56 in chips) 
Seat 5: DidieliPoker (€1.27 in chips) 
Seat 6: LittleVerole (€1.31 in chips) 
pipinoelbreve9: posts small blind €0.01
CORDEVIGO: posts big blind €0.02
*** HOLE CARDS ***
Dealt to pipinoelbreve9 [Tc 9s]
ivansalgueiro: folds 
DidieliPoker: folds 
LittleVerole: folds 
kaou35: raises €0.05 to €0.07
pipinoelbreve9: folds 
CORDEVIGO: raises €0.17 to €0.24
kaou35: folds 
Uncalled bet (€0.17) returned to CORDEVIGO
CORDEVIGO collected €0.15 from pot
CORDEVIGO: doesn't show hand 
*** SUMMARY ***
Total pot €0.15 | Rake €0 
Seat 1: kaou35 (button) folded before Flop
Seat 2: pipinoelbreve9 (small blind) folded before Flop
Seat 3: CORDEVIGO (big blind) collected (€0.15)
Seat 4: ivansalgueiro folded before Flop (didn't bet)
Seat 5: DidieliPoker folded before Flop (didn't bet)
Seat 6: LittleVerole folded before Flop (didn't bet)



PokerStars Zoom Hand #257856355920:  Hold'em No Limit (€0.01/€0.02) - 2025/09/23 16:14:33 CET [2025/09/23 10:14:33 ET]
Table 'Arneb' 6-max Seat #1 is the button
Seat 1: pipinoelbreve9 (€2.54 in chips) 
Seat 2: Madrolo59 (€0.91 in chips) 
Seat 3: jlf06ps (€1.89 in chips) 
Seat 4: jpvacas (€2.05 in chips) 
Seat 5: SMN242 (€2.19 in chips) 
Seat 6: sukocash (€2.21 in chips) 
Madrolo59: posts small blind €0.01
jlf06ps: posts big blind €0.02
*** HOLE CARDS ***
Dealt to pipinoelbreve9 [Jd 5d]
jpvacas: folds 
SMN242: folds 
sukocash: folds 
pipinoelbreve9: raises €0.04 to €0.06
Madrolo59: calls €0.05
jlf06ps: folds 
*** FLOP *** [7d Qs 6s]
Madrolo59: bets €0.04
pipinoelbreve9: calls €0.04
*** TURN *** [7d Qs 6s] [Ah]
Madrolo59: checks 
pipinoelbreve9: bets €0.11
Madrolo59: calls €0.11
*** RIVER *** [7d Qs 6s Ah] [4h]
Madrolo59: bets €0.42
pipinoelbreve9: folds 
Uncalled bet (€0.42) returned to Madrolo59
Madrolo59 collected €0.42 from pot
Madrolo59: doesn't show hand 
*** SUMMARY ***
Total pot €0.44 | Rake €0.02 
Board [7d Qs 6s Ah 4h]
Seat 1: pipinoelbreve9 (button) folded on the River
Seat 2: Madrolo59 (small blind) collected (€0.42)
Seat 3: jlf06ps (big blind) folded before Flop
Seat 4: jpvacas folded before Flop (didn't bet)
Seat 5: SMN242 folded before Flop (didn't bet)
Seat 6: sukocash folded before Flop (didn't bet)



PokerStars Zoom Hand #257856362060:  Hold'em No Limit (€0.01/€0.02) - 2025/09/23 16:15:13 CET [2025/09/23 10:15:13 ET]
Table 'Arneb' 6-max Seat #1 is the button
Seat 1: jlf06ps (€1.86 in chips) 
Seat 2: Aldus24 (€2.39 in chips) 
Seat 3: poteaarte (€3.10 in chips) 
Seat 4: Siddharta33 (€1.13 in chips) 
Seat 5: DidieliPoker (€1.20 in chips) 
Seat 6: pipinoelbreve9 (€2.33 in chips) 
Aldus24: posts small blind €0.01
poteaarte: posts big blind €0.02
*** HOLE CARDS ***
Dealt to pipinoelbreve9 [Ks Kc]
Siddharta33 has timed out
Siddharta33: folds 
DidieliPoker: folds 
pipinoelbreve9: raises €0.04 to €0.06
jlf06ps: folds 
Aldus24: folds 
poteaarte: folds 
Uncalled bet (€0.04) returned to pipinoelbreve9
pipinoelbreve9 collected €0.05 from pot
pipinoelbreve9: doesn't show hand 
*** SUMMARY ***
Total pot €0.05 | Rake €0 
Seat 1: jlf06ps (button) folded before Flop (didn't bet)
Seat 2: Aldus24 (small blind) folded before Flop
Seat 3: poteaarte (big blind) folded before Flop
Seat 4: Siddharta33 folded before Flop (didn't bet)
Seat 5: DidieliPoker folded before Flop (didn't bet)
Seat 6: pipinoelbreve9 collected (€0.05)



PokerStars Zoom Hand #257856365367:  Hold'em No Limit (€0.01/€0.02) - 2025/09/23 16:15:35 CET [2025/09/23 10:15:35 ET]
Table 'Arneb' 6-max Seat #1 is the button
Seat 1: Aldus24 (€2.14 in chips) 
Seat 2: Tropki (€2 in chips) 
Seat 3: poteaarte (€2.14 in chips) 
Seat 4: sukocash (€2.11 in chips) 
Seat 5: pipinoelbreve9 (€2.36 in chips) 
Seat 6: MaxiMick (€2.46 in chips) 
Tropki: posts small blind €0.01
poteaarte: posts big blind €0.02
*** HOLE CARDS ***
Dealt to pipinoelbreve9 [Th 7d]
sukocash has timed out
sukocash: folds 
pipinoelbreve9: folds 
MaxiMick: raises €0.03 to €0.05
Aldus24: folds 
Tropki: calls €0.04
poteaarte: raises €0.15 to €0.20
MaxiMick: folds 
Tropki: folds 
Uncalled bet (€0.15) returned to poteaarte
poteaarte collected €0.15 from pot
poteaarte: doesn't show hand 
*** SUMMARY ***
Total pot €0.15 | Rake €0 
Seat 1: Aldus24 (button) folded before Flop (didn't bet)
Seat 2: Tropki (small blind) folded before Flop
Seat 3: poteaarte (big blind) collected (€0.15)
Seat 4: sukocash folded before Flop (didn't bet)
Seat 5: pipinoelbreve9 folded before Flop (didn't bet)
Seat 6: MaxiMick folded before Flop



PokerStars Zoom Hand #257856365761:  Hold'em No Limit (€0.01/€0.02) - 2025/09/23 16:15:38 CET [2025/09/23 10:15:38 ET]
Table 'Arneb' 6-max Seat #1 is the button
Seat 1: kaou35 (€2.26 in chips) 
Seat 2: hugmega (€2 in chips) 
Seat 3: The_Qualm (€2.68 in chips) 
Seat 4: Aldus24 (€2.14 in chips) 
Seat 5: pipinoelbreve9 (€2.36 in chips) 
Seat 6: paul20025 (€2.19 in chips) 
hugmega: posts small blind €0.01
The_Qualm: posts big blind €0.02
*** HOLE CARDS ***
Dealt to pipinoelbreve9 [Tc Jd]
Aldus24: folds 
pipinoelbreve9: raises €0.04 to €0.06
paul20025: folds 
kaou35: calls €0.06
hugmega: folds 
The_Qualm: folds 
*** FLOP *** [Ac 9s 2h]
pipinoelbreve9: bets €0.05
kaou35: calls €0.05
*** TURN *** [Ac 9s 2h] [4c]
pipinoelbreve9: checks 
kaou35: bets €0.08
pipinoelbreve9: folds 
Uncalled bet (€0.08) returned to kaou35
kaou35 collected €0.24 from pot
kaou35: doesn't show hand 
*** SUMMARY ***
Total pot €0.25 | Rake €0.01 
Board [Ac 9s 2h 4c]
Seat 1: kaou35 (button) collected (€0.24)
Seat 2: hugmega (small blind) folded before Flop
Seat 3: The_Qualm (big blind) folded before Flop
Seat 4: Aldus24 folded before Flop (didn't bet)
Seat 5: pipinoelbreve9 folded on the Turn
Seat 6: paul20025 folded before Flop (didn't bet)



PokerStars Zoom Hand #257856372149:  Hold'em No Limit (€0.01/€0.02) - 2025/09/23 16:16:19 CET [2025/09/23 10:16:19 ET]
Table 'Arneb' 6-max Seat #1 is the button
Seat 1: pipinoelbreve9 (€2.25 in chips) 
Seat 2: Sportacus911 (€2.10 in chips) 
Seat 3: CORDEVIGO (€2.04 in chips) 
Seat 4: tianzo56 (€0.87 in chips) 
Seat 5: Tropki (€2 in chips) 
Seat 6: Nescoe (€4.07 in chips) 
Sportacus911: posts small blind €0.01
CORDEVIGO: posts big blind €0.02
*** HOLE CARDS ***
Dealt to pipinoelbreve9 [6h 7c]
tianzo56: raises €0.05 to €0.07
Tropki: folds 
Nescoe: folds 
pipinoelbreve9: folds 
Sportacus911: folds 
CORDEVIGO: folds 
Uncalled bet (€0.05) returned to tianzo56
tianzo56 collected €0.05 from pot
tianzo56: doesn't show hand 
*** SUMMARY ***
Total pot €0.05 | Rake €0 
Seat 1: pipinoelbreve9 (button) folded before Flop (didn't bet)
Seat 2: Sportacus911 (small blind) folded before Flop
Seat 3: CORDEVIGO (big blind) folded before Flop
Seat 4: tianzo56 collected (€0.05)
Seat 5: Tropki folded before Flop (didn't bet)
Seat 6: Nescoe folded before Flop (didn't bet)



PokerStars Zoom Hand #257856373919:  Hold'em No Limit (€0.01/€0.02) - 2025/09/23 16:16:31 CET [2025/09/23 10:16:31 ET]
Table 'Arneb' 6-max Seat #1 is the button
Seat 1: LAROSA74 (€2 in chips) 
Seat 2: pipinoelbreve9 (€2.25 in chips) 
Seat 3: damastodas (€4.30 in chips) 
Seat 4: martine4839 (€2.37 in chips) 
Seat 5: granotilla1 (€2.22 in chips) 
Seat 6: Nescoe (€4.06 in chips) 
pipinoelbreve9: posts small blind €0.01
damastodas: posts big blind €0.02
*** HOLE CARDS ***
Dealt to pipinoelbreve9 [Jc Ah]
martine4839: folds 
granotilla1: folds 
Nescoe: folds 
LAROSA74: raises €0.03 to €0.05
pipinoelbreve9: raises €0.15 to €0.20
damastodas: folds 
LAROSA74: folds 
Uncalled bet (€0.15) returned to pipinoelbreve9
pipinoelbreve9 collected €0.12 from pot
pipinoelbreve9: doesn't show hand 
*** SUMMARY ***
Total pot €0.12 | Rake €0 
Seat 1: LAROSA74 (button) folded before Flop
Seat 2: pipinoelbreve9 (small blind) collected (€0.12)
Seat 3: damastodas (big blind) folded before Flop
Seat 4: martine4839 folded before Flop (didn't bet)
Seat 5: granotilla1 folded before Flop (didn't bet)
Seat 6: Nescoe folded before Flop (didn't bet)



PokerStars Zoom Hand #257856376630:  Hold'em No Limit (€0.01/€0.02) - 2025/09/23 16:16:48 CET [2025/09/23 10:16:48 ET]
Table 'Arneb' 6-max Seat #1 is the button
Seat 1: pucelay.29 (€2.07 in chips) 
Seat 2: The_Qualm (€2.59 in chips) 
Seat 3: pipinoelbreve9 (€2.32 in chips) 
Seat 4: jpvacas (€2 in chips) 
Seat 5: sukocash (€2.19 in chips) 
Seat 6: spoke_6969 (€1.19 in chips) 
The_Qualm: posts small blind €0.01
pipinoelbreve9: posts big blind €0.02
*** HOLE CARDS ***
Dealt to pipinoelbreve9 [As Kh]
jpvacas: folds 
sukocash: folds 
spoke_6969: raises €0.02 to €0.04
pucelay.29: folds 
The_Qualm: folds 
pipinoelbreve9: raises €0.14 to €0.18
spoke_6969: folds 
Uncalled bet (€0.14) returned to pipinoelbreve9
pipinoelbreve9 collected €0.09 from pot
pipinoelbreve9: doesn't show hand 
*** SUMMARY ***
Total pot €0.09 | Rake €0 
Seat 1: pucelay.29 (button) folded before Flop (didn't bet)
Seat 2: The_Qualm (small blind) folded before Flop
Seat 3: pipinoelbreve9 (big blind) collected (€0.09)
Seat 4: jpvacas folded before Flop (didn't bet)
Seat 5: sukocash folded before Flop (didn't bet)
Seat 6: spoke_6969 folded before Flop



PokerStars Zoom Hand #257856382101:  Hold'em No Limit (€0.01/€0.02) - 2025/09/23 16:17:23 CET [2025/09/23 10:17:23 ET]
Table 'Arneb' 6-max Seat #1 is the button
Seat 1: Nescoe (€4.15 in chips) 
Seat 2: Aeptak (€0.98 in chips) 
Seat 3: kaou35 (€2.35 in chips) 
Seat 4: MDKristian (€2.17 in chips) 
Seat 5: pipinoelbreve9 (€2.37 in chips) 
Seat 6: zhouweiyi888 (€2.93 in chips) 
Aeptak: posts small blind €0.01
kaou35: posts big blind €0.02
*** HOLE CARDS ***
Dealt to pipinoelbreve9 [3s 5s]
MDKristian: folds 
pipinoelbreve9: folds 
zhouweiyi888: folds 
Nescoe: folds 
Aeptak: folds 
Uncalled bet (€0.01) returned to kaou35
kaou35 collected €0.02 from pot
kaou35: doesn't show hand 
*** SUMMARY ***
Total pot €0.02 | Rake €0 
Seat 1: Nescoe (button) folded before Flop (didn't bet)
Seat 2: Aeptak (small blind) folded before Flop
Seat 3: kaou35 (big blind) collected (€0.02)
Seat 4: MDKristian folded before Flop (didn't bet)
Seat 5: pipinoelbreve9 folded before Flop (didn't bet)
Seat 6: zhouweiyi888 folded before Flop (didn't bet)



PokerStars Zoom Hand #257856381344:  Hold'em No Limit (€0.01/€0.02) - 2025/09/23 16:17:18 CET [2025/09/23 10:17:18 ET]
Table 'Arneb' 6-max Seat #1 is the button
Seat 1: emilezolla (€2.89 in chips) 
Seat 2: Siddharta33 (€1 in chips) 
Seat 3: MaxiMick (€2.17 in chips) 
Seat 4: MDKristian (€2.73 in chips) 
Seat 5: pucelay.29 (€2.06 in chips) 
Seat 6: pipinoelbreve9 (€2.37 in chips) 
Siddharta33: posts small blind €0.01
MaxiMick: posts big blind €0.02
*** HOLE CARDS ***
Dealt to pipinoelbreve9 [4c Js]
MDKristian: folds 
pucelay.29: folds 
pipinoelbreve9: folds 
emilezolla: calls €0.02
Siddharta33: folds 
MaxiMick: checks 
*** FLOP *** [Jh 9h Jc]
MaxiMick: checks 
emilezolla: bets €0.05
MaxiMick: folds 
Uncalled bet (€0.05) returned to emilezolla
emilezolla collected €0.05 from pot
emilezolla: doesn't show hand 
*** SUMMARY ***
Total pot €0.05 | Rake €0 
Board [Jh 9h Jc]
Seat 1: emilezolla (button) collected (€0.05)
Seat 2: Siddharta33 (small blind) folded before Flop
Seat 3: MaxiMick (big blind) folded on the Flop
Seat 4: MDKristian folded before Flop (didn't bet)
Seat 5: pucelay.29 folded before Flop (didn't bet)
Seat 6: pipinoelbreve9 folded before Flop (didn't bet)



PokerStars Zoom Hand #257856383589:  Hold'em No Limit (€0.01/€0.02) - 2025/09/23 16:17:32 CET [2025/09/23 10:17:32 ET]
Table 'Arneb' 6-max Seat #1 is the button
Seat 1: kaou35 (€2.09 in chips) 
Seat 2: granotilla1 (€2.17 in chips) 
Seat 3: ivansalgueiro (€1.82 in chips) 
Seat 4: pipinoelbreve9 (€2.37 in chips) 
Seat 5: Bestiote (€1.07 in chips) 
Seat 6: DavSnook (€3.06 in chips) 
granotilla1: posts small blind €0.01
ivansalgueiro: posts big blind €0.02
*** HOLE CARDS ***
Dealt to pipinoelbreve9 [3d Qs]
pipinoelbreve9: folds 
Bestiote: folds 
DavSnook: raises €0.05 to €0.07
kaou35: folds 
granotilla1: folds 
ivansalgueiro: folds 
Uncalled bet (€0.05) returned to DavSnook
DavSnook collected €0.05 from pot
DavSnook: doesn't show hand 
*** SUMMARY ***
Total pot €0.05 | Rake €0 
Seat 1: kaou35 (button) folded before Flop (didn't bet)
Seat 2: granotilla1 (small blind) folded before Flop
Seat 3: ivansalgueiro (big blind) folded before Flop
Seat 4: pipinoelbreve9 folded before Flop (didn't bet)
Seat 5: Bestiote folded before Flop (didn't bet)
Seat 6: DavSnook collected (€0.05)



PokerStars Zoom Hand #257856384251:  Hold'em No Limit (€0.01/€0.02) - 2025/09/23 16:17:37 CET [2025/09/23 10:17:37 ET]
Table 'Arneb' 6-max Seat #1 is the button
Seat 1: MaxiMick (€2.36 in chips) 
Seat 2: pipinoelbreve9 (€2.37 in chips) 
Seat 3: ViJa28 (€0.93 in chips) 
Seat 4: Bestiote (€1.07 in chips) 
Seat 5: LittleVerole (€0.73 in chips) 
Seat 6: MDKristian (€2 in chips) 
pipinoelbreve9: posts small blind €0.01
ViJa28: posts big blind €0.02
*** HOLE CARDS ***
Dealt to pipinoelbreve9 [7d 2s]
Bestiote: folds 
LittleVerole: raises €0.02 to €0.04
MDKristian: folds 
MaxiMick: folds 
pipinoelbreve9: folds 
ViJa28: calls €0.02
*** FLOP *** [Th 9s Qd]
ViJa28: checks 
LittleVerole: bets €0.08
ViJa28: calls €0.08
*** TURN *** [Th 9s Qd] [2d]
ViJa28: bets €0.81 and is all-in
LittleVerole: calls €0.61 and is all-in
Uncalled bet (€0.20) returned to ViJa28
*** RIVER *** [Th 9s Qd 2d] [7c]
*** SHOW DOWN ***
ViJa28: shows [Qs 2c] (two pair, Queens and Deuces)
LittleVerole: shows [Jd Jh] (a pair of Jacks)
ViJa28 collected €1.40 from pot
*** SUMMARY ***
Total pot €1.47 | Rake €0.07 
Board [Th 9s Qd 2d 7c]
Seat 1: MaxiMick (button) folded before Flop (didn't bet)
Seat 2: pipinoelbreve9 (small blind) folded before Flop
Seat 3: ViJa28 (big blind) showed [Qs 2c] and won (€1.40) with two pair, Queens and Deuces
Seat 4: Bestiote folded before Flop (didn't bet)
Seat 5: LittleVerole showed [Jd Jh] and lost with a pair of Jacks
Seat 6: MDKristian folded before Flop (didn't bet)



PokerStars Zoom Hand #257856384775:  Hold'em No Limit (€0.01/€0.02) - 2025/09/23 16:17:40 CET [2025/09/23 10:17:40 ET]
Table 'Arneb' 6-max Seat #1 is the button
Seat 1: MDKristian (€2 in chips) 
Seat 2: poteaarte (€2.21 in chips) 
Seat 3: pipinoelbreve9 (€2.36 in chips) 
Seat 4: mamieyoyo (€0.67 in chips) 
Seat 5: Nescoe (€2 in chips) 
Seat 6: paul20025 (€2.20 in chips) 
poteaarte: posts small blind €0.01
pipinoelbreve9: posts big blind €0.02
*** HOLE CARDS ***
Dealt to pipinoelbreve9 [Jd Qh]
mamieyoyo: folds 
Nescoe: folds 
paul20025: folds 
MDKristian: folds 
poteaarte is disconnected 
poteaarte has timed out while disconnected
poteaarte: folds 
Uncalled bet (€0.01) returned to pipinoelbreve9
pipinoelbreve9 collected €0.02 from pot
pipinoelbreve9: doesn't show hand 
*** SUMMARY ***
Total pot €0.02 | Rake €0 
Seat 1: MDKristian (button) folded before Flop (didn't bet)
Seat 2: poteaarte (small blind) folded before Flop
Seat 3: pipinoelbreve9 (big blind) collected (€0.02)
Seat 4: mamieyoyo folded before Flop (didn't bet)
Seat 5: Nescoe folded before Flop (didn't bet)
Seat 6: paul20025 folded before Flop (didn't bet)



PokerStars Zoom Hand #257856392653:  Hold'em No Limit (€0.01/€0.02) - 2025/09/23 16:18:29 CET [2025/09/23 10:18:29 ET]
Table 'Arneb' 6-max Seat #1 is the button
Seat 1: pipinoelbreve9 (€2.37 in chips) 
Seat 2: DidieliPoker (€1.32 in chips) 
Seat 3: @RobarTevoy99 (€2 in chips) 
Seat 4: jlf06ps (€1.74 in chips) 
Seat 5: jpvacas (€3.81 in chips) 
Seat 6: ivansalgueiro (€1.82 in chips) 
DidieliPoker: posts small blind €0.01
@RobarTevoy99: posts big blind €0.02
*** HOLE CARDS ***
Dealt to pipinoelbreve9 [7d 8s]
jlf06ps: folds 
jpvacas: folds 
ivansalgueiro: folds 
pipinoelbreve9: folds 
DidieliPoker: folds 
Uncalled bet (€0.01) returned to @RobarTevoy99
@RobarTevoy99 collected €0.02 from pot
@RobarTevoy99: doesn't show hand 
*** SUMMARY ***
Total pot €0.02 | Rake €0 
Seat 1: pipinoelbreve9 (button) folded before Flop (didn't bet)
Seat 2: DidieliPoker (small blind) folded before Flop
Seat 3: @RobarTevoy99 (big blind) collected (€0.02)
Seat 4: jlf06ps folded before Flop (didn't bet)
Seat 5: jpvacas folded before Flop (didn't bet)
Seat 6: ivansalgueiro folded before Flop (didn't bet)



PokerStars Zoom Hand #257856393207:  Hold'em No Limit (€0.01/€0.02) - 2025/09/23 16:18:33 CET [2025/09/23 10:18:33 ET]
Table 'Arneb' 6-max Seat #1 is the button
Seat 1: Tropki (€2.07 in chips) 
Seat 2: sukocash (€2.16 in chips) 
Seat 3: LittleVerole (€2 in chips) 
Seat 4: madbikeman (€2.58 in chips) 
Seat 5: pipinoelbreve9 (€2.37 in chips) 
Seat 6: martine4839 (€2.14 in chips) 
sukocash: posts small blind €0.01
LittleVerole: posts big blind €0.02
*** HOLE CARDS ***
Dealt to pipinoelbreve9 [Ks Jd]
madbikeman: folds 
pipinoelbreve9: raises €0.04 to €0.06
martine4839: folds 
Tropki: folds 
sukocash: folds 
LittleVerole: folds 
Uncalled bet (€0.04) returned to pipinoelbreve9
pipinoelbreve9 collected €0.05 from pot
pipinoelbreve9: doesn't show hand 
*** SUMMARY ***
Total pot €0.05 | Rake €0 
Seat 1: Tropki (button) folded before Flop (didn't bet)
Seat 2: sukocash (small blind) folded before Flop
Seat 3: LittleVerole (big blind) folded before Flop
Seat 4: madbikeman folded before Flop (didn't bet)
Seat 5: pipinoelbreve9 collected (€0.05)
Seat 6: martine4839 folded before Flop (didn't bet)



PokerStars Zoom Hand #257856396368:  Hold'em No Limit (€0.01/€0.02) - 2025/09/23 16:18:53 CET [2025/09/23 10:18:53 ET]
Table 'Arneb' 6-max Seat #1 is the button
Seat 1: Isbut (€1.65 in chips) 
Seat 2: Aeptak (€0.95 in chips) 
Seat 3: tianzo56 (€1.19 in chips) 
Seat 4: pipinoelbreve9 (€2.40 in chips) 
Seat 5: flouxx83 (€2.46 in chips) 
Seat 6: MaxiMick (€2.44 in chips) 
Aeptak: posts small blind €0.01
tianzo56: posts big blind €0.02
*** HOLE CARDS ***
Dealt to pipinoelbreve9 [4c Th]
pipinoelbreve9: folds 
flouxx83: folds 
MaxiMick: folds 
Isbut: folds 
Aeptak: folds 
Uncalled bet (€0.01) returned to tianzo56
tianzo56 collected €0.02 from pot
tianzo56: doesn't show hand 
*** SUMMARY ***
Total pot €0.02 | Rake €0 
Seat 1: Isbut (button) folded before Flop (didn't bet)
Seat 2: Aeptak (small blind) folded before Flop
Seat 3: tianzo56 (big blind) collected (€0.02)
Seat 4: pipinoelbreve9 folded before Flop (didn't bet)
Seat 5: flouxx83 folded before Flop (didn't bet)
Seat 6: MaxiMick folded before Flop (didn't bet)



PokerStars Zoom Hand #257856395700:  Hold'em No Limit (€0.01/€0.02) - 2025/09/23 16:18:49 CET [2025/09/23 10:18:49 ET]
Table 'Arneb' 6-max Seat #1 is the button
Seat 1: pokertestarudo (€1.32 in chips) 
Seat 2: Siddharta33 (€1.01 in chips) 
Seat 3: AnxoGM (€2.13 in chips) 
Seat 4: sukocash (€2.35 in chips) 
Seat 5: LittleVerole (€0.99 in chips) 
Seat 6: pipinoelbreve9 (€2.40 in chips) 
Siddharta33: posts small blind €0.01
AnxoGM: posts big blind €0.02
*** HOLE CARDS ***
Dealt to pipinoelbreve9 [2d 6s]
sukocash: folds 
LittleVerole: folds 
pipinoelbreve9: folds 
pokertestarudo: folds 
Siddharta33: raises €0.04 to €0.06
AnxoGM: folds 
Uncalled bet (€0.04) returned to Siddharta33
Siddharta33 collected €0.04 from pot
Siddharta33: doesn't show hand 
*** SUMMARY ***
Total pot €0.04 | Rake €0 
Seat 1: pokertestarudo (button) folded before Flop (didn't bet)
Seat 2: Siddharta33 (small blind) collected (€0.04)
Seat 3: AnxoGM (big blind) folded before Flop
Seat 4: sukocash folded before Flop (didn't bet)
Seat 5: LittleVerole folded before Flop (didn't bet)
Seat 6: pipinoelbreve9 folded before Flop (didn't bet)



PokerStars Zoom Hand #257856397020:  Hold'em No Limit (€0.01/€0.02) - 2025/09/23 16:18:57 CET [2025/09/23 10:18:57 ET]
Table 'Arneb' 6-max Seat #1 is the button
Seat 1: pipinoelbreve9 (€2.40 in chips) 
Seat 2: DavSnook (€3.14 in chips) 
Seat 3: LOBICHISIMO (€3.81 in chips) 
Seat 4: MaxiMick (€2.44 in chips) 
Seat 5: hugmega (€2.10 in chips) 
Seat 6: Tropki (€2.01 in chips) 
DavSnook: posts small blind €0.01
LOBICHISIMO: posts big blind €0.02
*** HOLE CARDS ***
Dealt to pipinoelbreve9 [6s 8d]
MaxiMick: folds 
hugmega: folds 
Tropki: folds 
pipinoelbreve9: folds 
DavSnook: raises €0.04 to €0.06
LOBICHISIMO: calls €0.04
*** FLOP *** [Ad 8c 7d]
DavSnook: bets €0.06
LOBICHISIMO: folds 
Uncalled bet (€0.06) returned to DavSnook
DavSnook collected €0.11 from pot
DavSnook: doesn't show hand 
*** SUMMARY ***
Total pot €0.12 | Rake €0.01 
Board [Ad 8c 7d]
Seat 1: pipinoelbreve9 (button) folded before Flop (didn't bet)
Seat 2: DavSnook (small blind) collected (€0.11)
Seat 3: LOBICHISIMO (big blind) folded on the Flop
Seat 4: MaxiMick folded before Flop (didn't bet)
Seat 5: hugmega folded before Flop (didn't bet)
Seat 6: Tropki folded before Flop (didn't bet)



PokerStars Zoom Hand #257856398093:  Hold'em No Limit (€0.01/€0.02) - 2025/09/23 16:19:04 CET [2025/09/23 10:19:04 ET]
Table 'Arneb' 6-max Seat #1 is the button
Seat 1: Siddharta33 (€1.03 in chips) 
Seat 2: Tropki (€2.01 in chips) 
Seat 3: pokertestarudo (€1.31 in chips) 
Seat 4: pipinoelbreve9 (€2.40 in chips) 
Seat 5: MDKristian (€2 in chips) 
Seat 6: NEMOXYX (€2.01 in chips) 
Tropki: posts small blind €0.01
pokertestarudo: posts big blind €0.02
*** HOLE CARDS ***
Dealt to pipinoelbreve9 [Kd Ts]
pipinoelbreve9: folds 
MDKristian: folds 
NEMOXYX: raises €0.04 to €0.06
Siddharta33: folds 
Tropki: folds 
pokertestarudo: folds 
Uncalled bet (€0.04) returned to NEMOXYX
NEMOXYX collected €0.05 from pot
NEMOXYX: doesn't show hand 
*** SUMMARY ***
Total pot €0.05 | Rake €0 
Seat 1: Siddharta33 (button) folded before Flop (didn't bet)
Seat 2: Tropki (small blind) folded before Flop
Seat 3: pokertestarudo (big blind) folded before Flop
Seat 4: pipinoelbreve9 folded before Flop (didn't bet)
Seat 5: MDKristian folded before Flop (didn't bet)
Seat 6: NEMOXYX collected (€0.05)



PokerStars Zoom Hand #257856398746:  Hold'em No Limit (€0.01/€0.02) - 2025/09/23 16:19:08 CET [2025/09/23 10:19:08 ET]
Table 'Arneb' 6-max Seat #1 is the button
Seat 1: MDKristian (€2 in chips) 
Seat 2: madbikeman (€2.54 in chips) 
Seat 3: pipinoelbreve9 (€2.40 in chips) 
Seat 4: Nescoe (€2.09 in chips) 
Seat 5: DidieliPoker (€1.20 in chips) 
Seat 6: sukocash (€2.16 in chips) 
madbikeman: posts small blind €0.01
pipinoelbreve9: posts big blind €0.02
*** HOLE CARDS ***
Dealt to pipinoelbreve9 [Td Qd]
Nescoe: folds 
DidieliPoker: folds 
sukocash: folds 
MDKristian: folds 
madbikeman: folds 
Uncalled bet (€0.01) returned to pipinoelbreve9
pipinoelbreve9 collected €0.02 from pot
pipinoelbreve9: doesn't show hand 
*** SUMMARY ***
Total pot €0.02 | Rake €0 
Seat 1: MDKristian (button) folded before Flop (didn't bet)
Seat 2: madbikeman (small blind) folded before Flop
Seat 3: pipinoelbreve9 (big blind) collected (€0.02)
Seat 4: Nescoe folded before Flop (didn't bet)
Seat 5: DidieliPoker folded before Flop (didn't bet)
Seat 6: sukocash folded before Flop (didn't bet)



PokerStars Zoom Hand #257856400772:  Hold'em No Limit (€0.01/€0.02) - 2025/09/23 16:19:21 CET [2025/09/23 10:19:21 ET]
Table 'Arneb' 6-max Seat #1 is the button
Seat 1: DavSnook (€3.19 in chips) 
Seat 2: pipinoelbreve9 (€2.41 in chips) 
Seat 3: Siddharta33 (€1.08 in chips) 
Seat 4: Tropki (€2 in chips) 
Seat 5: AnxoGM (€4.25 in chips) 
Seat 6: Flopys Carter (€2.21 in chips) 
pipinoelbreve9: posts small blind €0.01
Siddharta33: posts big blind €0.02
*** HOLE CARDS ***
Dealt to pipinoelbreve9 [Jd 9c]
Tropki: raises €0.04 to €0.06
AnxoGM: folds 
Flopys Carter: folds 
DavSnook: folds 
pipinoelbreve9: folds 
Siddharta33: folds 
Uncalled bet (€0.04) returned to Tropki
Tropki collected €0.05 from pot
Tropki: doesn't show hand 
*** SUMMARY ***
Total pot €0.05 | Rake €0 
Seat 1: DavSnook (button) folded before Flop (didn't bet)
Seat 2: pipinoelbreve9 (small blind) folded before Flop
Seat 3: Siddharta33 (big blind) folded before Flop
Seat 4: Tropki collected (€0.05)
Seat 5: AnxoGM folded before Flop (didn't bet)
Seat 6: Flopys Carter folded before Flop (didn't bet)



PokerStars Zoom Hand #257856402076:  Hold'em No Limit (€0.01/€0.02) - 2025/09/23 16:19:29 CET [2025/09/23 10:19:29 ET]
Table 'Arneb' 6-max Seat #1 is the button
Seat 1: Aldus24 (€2.08 in chips) 
Seat 2: MaxiMick (€2.18 in chips) 
Seat 3: pokertestarudo (€1.29 in chips) 
Seat 4: Nescoe (€4.04 in chips) 
Seat 5: MDKristian (€2.03 in chips) 
Seat 6: pipinoelbreve9 (€2.40 in chips) 
MaxiMick: posts small blind €0.01
pokertestarudo: posts big blind €0.02
*** HOLE CARDS ***
Dealt to pipinoelbreve9 [Jh 9s]
Nescoe: folds 
MDKristian: folds 
pipinoelbreve9: folds 
Aldus24: folds 
MaxiMick: raises €0.04 to €0.06
pokertestarudo: calls €0.04
*** FLOP *** [9d Jc 5s]
MaxiMick: checks 
pokertestarudo: bets €0.06
MaxiMick: folds 
Uncalled bet (€0.06) returned to pokertestarudo
pokertestarudo collected €0.11 from pot
pokertestarudo: doesn't show hand 
*** SUMMARY ***
Total pot €0.12 | Rake €0.01 
Board [9d Jc 5s]
Seat 1: Aldus24 (button) folded before Flop (didn't bet)
Seat 2: MaxiMick (small blind) folded on the Flop
Seat 3: pokertestarudo (big blind) collected (€0.11)
Seat 4: Nescoe folded before Flop (didn't bet)
Seat 5: MDKristian folded before Flop (didn't bet)
Seat 6: pipinoelbreve9 folded before Flop (didn't bet)



PokerStars Zoom Hand #257856403746:  Hold'em No Limit (€0.01/€0.02) - 2025/09/23 16:19:39 CET [2025/09/23 10:19:39 ET]
Table 'Arneb' 6-max Seat #1 is the button
Seat 1: madbikeman (€2.54 in chips) 
Seat 2: Siddharta33 (€1.01 in chips) 
Seat 3: damastodas (€1.24 in chips) 
Seat 4: 34pluto (€1.90 in chips) 
Seat 5: pipinoelbreve9 (€2.40 in chips) 
Seat 6: CORDEVIGO (€2.15 in chips) 
Siddharta33: posts small blind €0.01
damastodas: posts big blind €0.02
*** HOLE CARDS ***
Dealt to pipinoelbreve9 [6c Ad]
34pluto: raises €0.02 to €0.04
pipinoelbreve9: folds 
CORDEVIGO: folds 
madbikeman: folds 
Siddharta33: folds 
damastodas: folds 
Uncalled bet (€0.02) returned to 34pluto
34pluto collected €0.05 from pot
34pluto: doesn't show hand 
*** SUMMARY ***
Total pot €0.05 | Rake €0 
Seat 1: madbikeman (button) folded before Flop (didn't bet)
Seat 2: Siddharta33 (small blind) folded before Flop
Seat 3: damastodas (big blind) folded before Flop
Seat 4: 34pluto collected (€0.05)
Seat 5: pipinoelbreve9 folded before Flop (didn't bet)
Seat 6: CORDEVIGO folded before Flop (didn't bet)



PokerStars Zoom Hand #257856402888:  Hold'em No Limit (€0.01/€0.02) - 2025/09/23 16:19:34 CET [2025/09/23 10:19:34 ET]
Table 'Arneb' 6-max Seat #1 is the button
Seat 1: pipinoelbreve9 (€2.40 in chips) 
Seat 2: AnxoGM (€2.09 in chips) 
Seat 3: MDKristian (€2.02 in chips) 
Seat 4: paul20025 (€2.10 in chips) 
Seat 5: DavSnook (€3 in chips) 
Seat 6: Nescoe (€2.07 in chips) 
AnxoGM: posts small blind €0.01
MDKristian: posts big blind €0.02
*** HOLE CARDS ***
Dealt to pipinoelbreve9 [9s 6d]
paul20025: calls €0.02
DavSnook: raises €0.07 to €0.09
Nescoe: folds 
pipinoelbreve9: folds 
AnxoGM: folds 
MDKristian: folds 
paul20025: calls €0.07
*** FLOP *** [Js 8d 8h]
paul20025: checks 
DavSnook: checks 
*** TURN *** [Js 8d 8h] [3s]
paul20025: checks 
DavSnook: bets €0.10
paul20025: folds 
Uncalled bet (€0.10) returned to DavSnook
DavSnook collected €0.20 from pot
DavSnook: doesn't show hand 
*** SUMMARY ***
Total pot €0.21 | Rake €0.01 
Board [Js 8d 8h 3s]
Seat 1: pipinoelbreve9 (button) folded before Flop (didn't bet)
Seat 2: AnxoGM (small blind) folded before Flop
Seat 3: MDKristian (big blind) folded before Flop
Seat 4: paul20025 folded on the Turn
Seat 5: DavSnook collected (€0.20)
Seat 6: Nescoe folded before Flop (didn't bet)



PokerStars Zoom Hand #257856404511:  Hold'em No Limit (€0.01/€0.02) - 2025/09/23 16:19:44 CET [2025/09/23 10:19:44 ET]
Table 'Arneb' 6-max Seat #1 is the button
Seat 1: AnxoGM (€4.28 in chips) 
Seat 2: The_Qualm (€3.95 in chips) 
Seat 3: Tropki (€2.17 in chips) 
Seat 4: jpvacas (€3.82 in chips) 
Seat 5: pipinoelbreve9 (€2.40 in chips) 
Seat 6: madbikeman (€2.54 in chips) 
The_Qualm: posts small blind €0.01
Tropki: posts big blind €0.02
*** HOLE CARDS ***
Dealt to pipinoelbreve9 [7d Kc]
jpvacas: folds 
pipinoelbreve9: folds 
madbikeman: raises €0.04 to €0.06
AnxoGM: folds 
The_Qualm: folds 
Tropki: folds 
Uncalled bet (€0.04) returned to madbikeman
madbikeman collected €0.05 from pot
madbikeman: doesn't show hand 
*** SUMMARY ***
Total pot €0.05 | Rake €0 
Seat 1: AnxoGM (button) folded before Flop (didn't bet)
Seat 2: The_Qualm (small blind) folded before Flop
Seat 3: Tropki (big blind) folded before Flop
Seat 4: jpvacas folded before Flop (didn't bet)
Seat 5: pipinoelbreve9 folded before Flop (didn't bet)
Seat 6: madbikeman collected (€0.05)



PokerStars Zoom Hand #257856405833:  Hold'em No Limit (€0.01/€0.02) - 2025/09/23 16:19:52 CET [2025/09/23 10:19:52 ET]
Table 'Arneb' 6-max Seat #1 is the button
Seat 1: kaou35 (€2.12 in chips) 
Seat 2: 34pluto (€1.93 in chips) 
Seat 3: pipinoelbreve9 (€2.40 in chips) 
Seat 4: Fvieira1984 (€2.06 in chips) 
Seat 5: AnxoGM (€4.27 in chips) 
Seat 6: danigj87 (€1.70 in chips) 
34pluto: posts small blind €0.01
pipinoelbreve9: posts big blind €0.02
*** HOLE CARDS ***
Dealt to pipinoelbreve9 [5s 8s]
Fvieira1984: raises €0.02 to €0.04
AnxoGM: raises €0.11 to €0.15
danigj87: folds 
kaou35: folds 
34pluto: folds 
pipinoelbreve9: folds 
Fvieira1984: folds 
Uncalled bet (€0.11) returned to AnxoGM
AnxoGM collected €0.11 from pot
AnxoGM: doesn't show hand 
*** SUMMARY ***
Total pot €0.11 | Rake €0 
Seat 1: kaou35 (button) folded before Flop (didn't bet)
Seat 2: 34pluto (small blind) folded before Flop
Seat 3: pipinoelbreve9 (big blind) folded before Flop
Seat 4: Fvieira1984 folded before Flop
Seat 5: AnxoGM collected (€0.11)
Seat 6: danigj87 folded before Flop (didn't bet)



PokerStars Zoom Hand #257856408590:  Hold'em No Limit (€0.01/€0.02) - 2025/09/23 16:20:10 CET [2025/09/23 10:20:10 ET]
Table 'Arneb' 6-max Seat #1 is the button
Seat 1: zhouweiyi888 (€4.93 in chips) 
Seat 2: pipinoelbreve9 (€2.38 in chips) 
Seat 3: originaleuler (€2 in chips) 
Seat 4: danigj87 (€1.70 in chips) 
Seat 5: ViJa28 (€1.53 in chips) 
Seat 6: sukocash (€2.13 in chips) 
pipinoelbreve9: posts small blind €0.01
originaleuler: posts big blind €0.02
*** HOLE CARDS ***
Dealt to pipinoelbreve9 [Td As]
danigj87: folds 
ViJa28: calls €0.02
sukocash: folds 
zhouweiyi888: folds 
pipinoelbreve9: raises €0.08 to €0.10
originaleuler: folds 
ViJa28: folds 
Uncalled bet (€0.08) returned to pipinoelbreve9
pipinoelbreve9 collected €0.06 from pot
pipinoelbreve9: doesn't show hand 
*** SUMMARY ***
Total pot €0.06 | Rake €0 
Seat 1: zhouweiyi888 (button) folded before Flop (didn't bet)
Seat 2: pipinoelbreve9 (small blind) collected (€0.06)
Seat 3: originaleuler (big blind) folded before Flop
Seat 4: danigj87 folded before Flop (didn't bet)
Seat 5: ViJa28 folded before Flop
Seat 6: sukocash folded before Flop (didn't bet)



PokerStars Zoom Hand #257856412590:  Hold'em No Limit (€0.01/€0.02) - 2025/09/23 16:20:35 CET [2025/09/23 10:20:35 ET]
Table 'Arneb' 6-max Seat #1 is the button
Seat 1: pipinoelbreve9 (€2.42 in chips) 
Seat 2: Nescoe (€2.10 in chips) 
Seat 3: AnxoGM (€4.34 in chips) 
Seat 4: DavSnook (€0.48 in chips) 
Seat 5: kaou35 (€1.41 in chips) 
Seat 6: Isbut (€1.60 in chips) 
Nescoe: posts small blind €0.01
AnxoGM: posts big blind €0.02
*** HOLE CARDS ***
Dealt to pipinoelbreve9 [Qh 2h]
DavSnook: folds 
kaou35: folds 
Isbut: folds 
pipinoelbreve9: raises €0.04 to €0.06
Nescoe: folds 
AnxoGM: calls €0.04
*** FLOP *** [4c 6d As]
AnxoGM: checks 
pipinoelbreve9: checks 
*** TURN *** [4c 6d As] [Qc]
AnxoGM: checks 
pipinoelbreve9: bets €0.06
AnxoGM: calls €0.06
*** RIVER *** [4c 6d As Qc] [2d]
AnxoGM: checks 
pipinoelbreve9: bets €0.16
AnxoGM: calls €0.16
*** SHOW DOWN ***
pipinoelbreve9: shows [Qh 2h] (two pair, Queens and Deuces)
AnxoGM: mucks hand 
pipinoelbreve9 collected €0.54 from pot
*** SUMMARY ***
Total pot €0.57 | Rake €0.03 
Board [4c 6d As Qc 2d]
Seat 1: pipinoelbreve9 (button) showed [Qh 2h] and won (€0.54) with two pair, Queens and Deuces
Seat 2: Nescoe (small blind) folded before Flop
Seat 3: AnxoGM (big blind) mucked [Jc Qs]
Seat 4: DavSnook folded before Flop (didn't bet)
Seat 5: kaou35 folded before Flop (didn't bet)
Seat 6: Isbut folded before Flop (didn't bet)



PokerStars Zoom Hand #257856418474:  Hold'em No Limit (€0.01/€0.02) - 2025/09/23 16:21:12 CET [2025/09/23 10:21:12 ET]
Table 'Arneb' 6-max Seat #1 is the button
Seat 1: Siddharta33 (€1 in chips) 
Seat 2: LittleVerole (€2.31 in chips) 
Seat 3: danigj87 (€1.63 in chips) 
Seat 4: DavSnook (€0.45 in chips) 
Seat 5: @RobarTevoy99 (€2.18 in chips) 
Seat 6: pipinoelbreve9 (€2.68 in chips) 
LittleVerole: posts small blind €0.01
danigj87: posts big blind €0.02
*** HOLE CARDS ***
Dealt to pipinoelbreve9 [Tc 5c]
DavSnook: folds 
@RobarTevoy99: folds 
pipinoelbreve9: folds 
Siddharta33: raises €0.08 to €0.10
LittleVerole: folds 
danigj87: folds 
Uncalled bet (€0.08) returned to Siddharta33
Siddharta33 collected €0.05 from pot
Siddharta33: doesn't show hand 
*** SUMMARY ***
Total pot €0.05 | Rake €0 
Seat 1: Siddharta33 (button) collected (€0.05)
Seat 2: LittleVerole (small blind) folded before Flop
Seat 3: danigj87 (big blind) folded before Flop
Seat 4: DavSnook folded before Flop (didn't bet)
Seat 5: @RobarTevoy99 folded before Flop (didn't bet)
Seat 6: pipinoelbreve9 folded before Flop (didn't bet)



PokerStars Zoom Hand #257856419723:  Hold'em No Limit (€0.01/€0.02) - 2025/09/23 16:21:20 CET [2025/09/23 10:21:20 ET]
Table 'Arneb' 6-max Seat #1 is the button
Seat 1: kaou35 (€1.39 in chips) 
Seat 2: hugmega (€2 in chips) 
Seat 3: LittleVerole (€2.30 in chips) 
Seat 4: pipinoelbreve9 (€2.68 in chips) 
Seat 5: jpvacas (€2.15 in chips) 
Seat 6: zhouweiyi888 (€4.72 in chips) 
hugmega: posts small blind €0.01
LittleVerole: posts big blind €0.02
*** HOLE CARDS ***
Dealt to pipinoelbreve9 [Td 7s]
pipinoelbreve9: folds 
jpvacas: folds 
zhouweiyi888: folds 
kaou35: folds 
hugmega: folds 
Uncalled bet (€0.01) returned to LittleVerole
LittleVerole collected €0.02 from pot
LittleVerole: doesn't show hand 
*** SUMMARY ***
Total pot €0.02 | Rake €0 
Seat 1: kaou35 (button) folded before Flop (didn't bet)
Seat 2: hugmega (small blind) folded before Flop
Seat 3: LittleVerole (big blind) collected (€0.02)
Seat 4: pipinoelbreve9 folded before Flop (didn't bet)
Seat 5: jpvacas folded before Flop (didn't bet)
Seat 6: zhouweiyi888 folded before Flop (didn't bet)



PokerStars Zoom Hand #257856424620:  Hold'em No Limit (€0.01/€0.02) - 2025/09/23 16:21:51 CET [2025/09/23 10:21:51 ET]
Table 'Arneb' 6-max Seat #1 is the button
Seat 1: LittleVerole (€1.89 in chips) 
Seat 2: Fvieira1984 (€1.95 in chips) 
Seat 3: Aldus24 (€2 in chips) 
Seat 4: jpvacas (€2.13 in chips) 
Seat 5: pipinoelbreve9 (€2.66 in chips) 
Seat 6: hugmega (€2 in chips) 
Fvieira1984: posts small blind €0.01
Aldus24: posts big blind €0.02
*** HOLE CARDS ***
Dealt to pipinoelbreve9 [9d Th]
jpvacas: folds 
pipinoelbreve9: folds 
hugmega: folds 
LittleVerole: folds 
Fvieira1984: folds 
Uncalled bet (€0.01) returned to Aldus24
Aldus24 collected €0.02 from pot
Aldus24: doesn't show hand 
*** SUMMARY ***
Total pot €0.02 | Rake €0 
Seat 1: LittleVerole (button) folded before Flop (didn't bet)
Seat 2: Fvieira1984 (small blind) folded before Flop
Seat 3: Aldus24 (big blind) collected (€0.02)
Seat 4: jpvacas folded before Flop (didn't bet)
Seat 5: pipinoelbreve9 folded before Flop (didn't bet)
Seat 6: hugmega folded before Flop (didn't bet)



PokerStars Zoom Hand #257856420497:  Hold'em No Limit (€0.01/€0.02) - 2025/09/23 16:21:25 CET [2025/09/23 10:21:25 ET]
Table 'Arneb' 6-max Seat #1 is the button
Seat 1: hugmega (€2 in chips) 
Seat 2: zhouweiyi888 (€4.72 in chips) 
Seat 3: pipinoelbreve9 (€2.68 in chips) 
Seat 4: 34pluto (€1.88 in chips) 
Seat 5: Fvieira1984 (€1.99 in chips) 
Seat 6: ese lines (€1.55 in chips) 
zhouweiyi888: posts small blind €0.01
pipinoelbreve9: posts big blind €0.02
*** HOLE CARDS ***
Dealt to pipinoelbreve9 [9c Tc]
34pluto: raises €0.02 to €0.04
Fvieira1984: calls €0.04
ese lines: raises €0.16 to €0.20
hugmega: folds 
zhouweiyi888: folds 
pipinoelbreve9: folds 
34pluto: folds 
Fvieira1984: folds 
Uncalled bet (€0.16) returned to ese lines
ese lines collected €0.15 from pot
ese lines: doesn't show hand 
*** SUMMARY ***
Total pot €0.15 | Rake €0 
Seat 1: hugmega (button) folded before Flop (didn't bet)
Seat 2: zhouweiyi888 (small blind) folded before Flop
Seat 3: pipinoelbreve9 (big blind) folded before Flop
Seat 4: 34pluto folded before Flop
Seat 5: Fvieira1984 folded before Flop
Seat 6: ese lines collected (€0.15)



PokerStars Zoom Hand #257856425404:  Hold'em No Limit (€0.01/€0.02) - 2025/09/23 16:21:56 CET [2025/09/23 10:21:56 ET]
Table 'Arneb' 6-max Seat #1 is the button
Seat 1: madbikeman (€2.33 in chips) 
Seat 2: pipinoelbreve9 (€2.66 in chips) 
Seat 3: Martimjlc (€1.36 in chips) 
Seat 4: Bestiote (€1.23 in chips) 
Seat 5: granotilla1 (€2 in chips) 
Seat 6: kaou35 (€2.53 in chips) 
pipinoelbreve9: posts small blind €0.01
Martimjlc: posts big blind €0.02
*** HOLE CARDS ***
Dealt to pipinoelbreve9 [Ad Ks]
Bestiote: folds 
granotilla1: folds 
kaou35: folds 
madbikeman: folds 
pipinoelbreve9: raises €0.04 to €0.06
Martimjlc: calls €0.04
*** FLOP *** [9h 7s 3h]
pipinoelbreve9: bets €0.04
Martimjlc: folds 
Uncalled bet (€0.04) returned to pipinoelbreve9
pipinoelbreve9 collected €0.11 from pot
pipinoelbreve9: doesn't show hand 
*** SUMMARY ***
Total pot €0.12 | Rake €0.01 
Board [9h 7s 3h]
Seat 1: madbikeman (button) folded before Flop (didn't bet)
Seat 2: pipinoelbreve9 (small blind) collected (€0.11)
Seat 3: Martimjlc (big blind) folded on the Flop
Seat 4: Bestiote folded before Flop (didn't bet)
Seat 5: granotilla1 folded before Flop (didn't bet)
Seat 6: kaou35 folded before Flop (didn't bet)



PokerStars Zoom Hand #257856430670:  Hold'em No Limit (€0.01/€0.02) - 2025/09/23 16:22:29 CET [2025/09/23 10:22:29 ET]
Table 'Arneb' 6-max Seat #1 is the button
Seat 1: sukocash (€2.32 in chips) 
Seat 2: Rasend13 (€2 in chips) 
Seat 3: @RobarTevoy99 (€1.93 in chips) 
Seat 4: pipinoelbreve9 (€2.71 in chips) 
Seat 5: LAROSA74 (€2.35 in chips) 
Seat 6: LittleVerole (€1.09 in chips) 
Rasend13: posts small blind €0.01
@RobarTevoy99: posts big blind €0.02
*** HOLE CARDS ***
Dealt to pipinoelbreve9 [Ah 8d]
pipinoelbreve9: folds 
LAROSA74: folds 
LittleVerole: folds 
sukocash: folds 
Rasend13: folds 
Uncalled bet (€0.01) returned to @RobarTevoy99
@RobarTevoy99 collected €0.02 from pot
@RobarTevoy99: doesn't show hand 
*** SUMMARY ***
Total pot €0.02 | Rake €0 
Seat 1: sukocash (button) folded before Flop (didn't bet)
Seat 2: Rasend13 (small blind) folded before Flop
Seat 3: @RobarTevoy99 (big blind) collected (€0.02)
Seat 4: pipinoelbreve9 folded before Flop (didn't bet)
Seat 5: LAROSA74 folded before Flop (didn't bet)
Seat 6: LittleVerole folded before Flop (didn't bet)



PokerStars Zoom Hand #257856431943:  Hold'em No Limit (€0.01/€0.02) - 2025/09/23 16:22:38 CET [2025/09/23 10:22:38 ET]
Table 'Arneb' 6-max Seat #1 is the button
Seat 1: santiago_nardiz (€1.38 in chips) 
Seat 2: MaxiMick (€2.19 in chips) 
Seat 3: pipinoelbreve9 (€2.71 in chips) 
Seat 4: Aldus24 (€2.29 in chips) 
Seat 5: LilAnyel (€2.05 in chips) 
Seat 6: originaleuler (€2.13 in chips) 
MaxiMick: posts small blind €0.01
pipinoelbreve9: posts big blind €0.02
*** HOLE CARDS ***
Dealt to pipinoelbreve9 [5s Jd]
Aldus24: folds 
LilAnyel: folds 
originaleuler: folds 
santiago_nardiz: folds 
MaxiMick: folds 
Uncalled bet (€0.01) returned to pipinoelbreve9
pipinoelbreve9 collected €0.02 from pot
pipinoelbreve9: doesn't show hand 
*** SUMMARY ***
Total pot €0.02 | Rake €0 
Seat 1: santiago_nardiz (button) folded before Flop (didn't bet)
Seat 2: MaxiMick (small blind) folded before Flop
Seat 3: pipinoelbreve9 (big blind) collected (€0.02)
Seat 4: Aldus24 folded before Flop (didn't bet)
Seat 5: LilAnyel folded before Flop (didn't bet)
Seat 6: originaleuler folded before Flop (didn't bet)



PokerStars Zoom Hand #257856431243:  Hold'em No Limit (€0.01/€0.02) - 2025/09/23 16:22:33 CET [2025/09/23 10:22:33 ET]
Table 'Arneb' 6-max Seat #1 is the button
Seat 1: hugmega (€2 in chips) 
Seat 2: MDKristian (€2.34 in chips) 
Seat 3: zhouweiyi888 (€4.68 in chips) 
Seat 4: LOBICHISIMO (€4.61 in chips) 
Seat 5: martine4839 (€2.16 in chips) 
Seat 6: pipinoelbreve9 (€2.71 in chips) 
MDKristian: posts small blind €0.01
zhouweiyi888: posts big blind €0.02
*** HOLE CARDS ***
Dealt to pipinoelbreve9 [6s 4h]
LOBICHISIMO: raises €0.02 to €0.04
martine4839: folds 
pipinoelbreve9: folds 
hugmega: raises €0.08 to €0.12
MDKristian: folds 
zhouweiyi888: folds 
LOBICHISIMO: calls €0.08
*** FLOP *** [Ts 5h Qs]
LOBICHISIMO: checks 
hugmega: checks 
*** TURN *** [Ts 5h Qs] [Qd]
LOBICHISIMO: checks 
hugmega: bets €0.12
LOBICHISIMO: calls €0.12
*** RIVER *** [Ts 5h Qs Qd] [8s]
LOBICHISIMO: bets €0.24
hugmega: calls €0.24
*** SHOW DOWN ***
LOBICHISIMO: shows [Ks Js] (a flush, King high)
hugmega: mucks hand 
LOBICHISIMO collected €0.94 from pot
*** SUMMARY ***
Total pot €0.99 | Rake €0.05 
Board [Ts 5h Qs Qd 8s]
Seat 1: hugmega (button) mucked [Jd Jh]
Seat 2: MDKristian (small blind) folded before Flop
Seat 3: zhouweiyi888 (big blind) folded before Flop
Seat 4: LOBICHISIMO showed [Ks Js] and won (€0.94) with a flush, King high
Seat 5: martine4839 folded before Flop (didn't bet)
Seat 6: pipinoelbreve9 folded before Flop (didn't bet)



PokerStars Zoom Hand #257856435984:  Hold'em No Limit (€0.01/€0.02) - 2025/09/23 16:23:03 CET [2025/09/23 10:23:03 ET]
Table 'Arneb' 6-max Seat #1 is the button
Seat 1: pipinoelbreve9 (€2.71 in chips) 
Seat 2: @RobarTevoy99 (€1.90 in chips) 
Seat 3: MDKristian (€2 in chips) 
Seat 4: LittleVerole (€0.98 in chips) 
Seat 5: kaou35 (€1.35 in chips) 
Seat 6: martine4839 (€2.53 in chips) 
@RobarTevoy99: posts small blind €0.01
MDKristian: posts big blind €0.02
*** HOLE CARDS ***
Dealt to pipinoelbreve9 [Jh 9h]
LittleVerole: folds 
kaou35: folds 
martine4839: raises €0.03 to €0.05
pipinoelbreve9: raises €0.07 to €0.12
@RobarTevoy99: folds 
MDKristian: folds 
martine4839: folds 
Uncalled bet (€0.07) returned to pipinoelbreve9
pipinoelbreve9 collected €0.13 from pot
pipinoelbreve9: doesn't show hand 
*** SUMMARY ***
Total pot €0.13 | Rake €0 
Seat 1: pipinoelbreve9 (button) collected (€0.13)
Seat 2: @RobarTevoy99 (small blind) folded before Flop
Seat 3: MDKristian (big blind) folded before Flop
Seat 4: LittleVerole folded before Flop (didn't bet)
Seat 5: kaou35 folded before Flop (didn't bet)
Seat 6: martine4839 folded before Flop



PokerStars Zoom Hand #257856439234:  Hold'em No Limit (€0.01/€0.02) - 2025/09/23 16:23:23 CET [2025/09/23 10:23:23 ET]
Table 'Arneb' 6-max Seat #1 is the button
Seat 1: Madrolo59 (€1.07 in chips) 
Seat 2: Elnardoss (€1.24 in chips) 
Seat 3: @RobarTevoy99 (€1.21 in chips) 
Seat 4: Aldus24 (€2.52 in chips) 
Seat 5: pipinoelbreve9 (€2.79 in chips) 
Seat 6: NEMOXYX (€3.60 in chips) 
Elnardoss: posts small blind €0.01
@RobarTevoy99: posts big blind €0.02
*** HOLE CARDS ***
Dealt to pipinoelbreve9 [3s Tc]
Aldus24: raises €0.03 to €0.05
pipinoelbreve9: folds 
NEMOXYX: folds 
Madrolo59: folds 
Elnardoss: folds 
@RobarTevoy99: calls €0.03
*** FLOP *** [Ks 2c 2h]
@RobarTevoy99: checks 
Aldus24: bets €0.04
@RobarTevoy99: folds 
Uncalled bet (€0.04) returned to Aldus24
Aldus24 collected €0.10 from pot
Aldus24: doesn't show hand 
*** SUMMARY ***
Total pot €0.11 | Rake €0.01 
Board [Ks 2c 2h]
Seat 1: Madrolo59 (button) folded before Flop (didn't bet)
Seat 2: Elnardoss (small blind) folded before Flop
Seat 3: @RobarTevoy99 (big blind) folded on the Flop
Seat 4: Aldus24 collected (€0.10)
Seat 5: pipinoelbreve9 folded before Flop (didn't bet)
Seat 6: NEMOXYX folded before Flop (didn't bet)



PokerStars Zoom Hand #257856433846:  Hold'em No Limit (€0.01/€0.02) - 2025/09/23 16:22:50 CET [2025/09/23 10:22:50 ET]
Table 'Arneb' 6-max Seat #1 is the button
Seat 1: zhouweiyi888 (€3.27 in chips) 
Seat 2: pipinoelbreve9 (€2.72 in chips) 
Seat 3: LittleVerole (€2.36 in chips) 
Seat 4: SMN242 (€2.46 in chips) 
Seat 5: Fvieira1984 (€1.92 in chips) 
Seat 6: SmOuL123 (€1.40 in chips) 
pipinoelbreve9: posts small blind €0.01
LittleVerole: posts big blind €0.02
*** HOLE CARDS ***
Dealt to pipinoelbreve9 [Ad 7s]
SMN242: folds 
Fvieira1984: calls €0.02
SmOuL123: calls €0.02
zhouweiyi888: raises €0.03 to €0.05
pipinoelbreve9: folds 
LittleVerole: folds 
Fvieira1984: calls €0.03
SmOuL123: calls €0.03
*** FLOP *** [5h 8c 7d]
Fvieira1984: bets €0.04
SmOuL123: calls €0.04
zhouweiyi888: calls €0.04
*** TURN *** [5h 8c 7d] [8s]
Fvieira1984: checks 
SmOuL123: checks 
zhouweiyi888: checks 
*** RIVER *** [5h 8c 7d 8s] [6s]
Fvieira1984: bets €0.18
SmOuL123: calls €0.18
zhouweiyi888: folds 
*** SHOW DOWN ***
Fvieira1984: shows [9h Kc] (a straight, Five to Nine)
SmOuL123: mucks hand 
Fvieira1984 collected €0.63 from pot
*** SUMMARY ***
Total pot €0.66 | Rake €0.03 
Board [5h 8c 7d 8s 6s]
Seat 1: zhouweiyi888 (button) folded on the River
Seat 2: pipinoelbreve9 (small blind) folded before Flop
Seat 3: LittleVerole (big blind) folded before Flop
Seat 4: SMN242 folded before Flop (didn't bet)
Seat 5: Fvieira1984 showed [9h Kc] and won (€0.63) with a straight, Five to Nine
Seat 6: SmOuL123 mucked [4c Tc]



PokerStars Zoom Hand #257856438522:  Hold'em No Limit (€0.01/€0.02) - 2025/09/23 16:23:19 CET [2025/09/23 10:23:19 ET]
Table 'Arneb' 6-max Seat #1 is the button
Seat 1: confucius403 (€1.77 in chips) 
Seat 2: MaxiMick (€2.37 in chips) 
Seat 3: lilmacumba2 (€1.61 in chips) 
Seat 4: Nescoe (€3.26 in chips) 
Seat 5: jpvacas (€3 in chips) 
Seat 6: pipinoelbreve9 (€2.79 in chips) 
MaxiMick: posts small blind €0.01
lilmacumba2: posts big blind €0.02
*** HOLE CARDS ***
Dealt to pipinoelbreve9 [Kh 4c]
Nescoe: folds 
jpvacas: folds 
pipinoelbreve9: folds 
confucius403: calls €0.02
MaxiMick: folds 
lilmacumba2: raises €0.04 to €0.06
confucius403: raises €0.04 to €0.10
lilmacumba2: calls €0.04
*** FLOP *** [2h 9c Th]
lilmacumba2: bets €0.20
confucius403: raises €1.47 to €1.67 and is all-in
lilmacumba2: calls €1.31 and is all-in
Uncalled bet (€0.16) returned to confucius403
*** TURN *** [2h 9c Th] [7s]
*** RIVER *** [2h 9c Th 7s] [Kc]
*** SHOW DOWN ***
lilmacumba2: shows [Qh Ah] (high card Ace)
confucius403: shows [Ad Ac] (a pair of Aces)
confucius403 collected €3.07 from pot
*** SUMMARY ***
Total pot €3.23 | Rake €0.16 
Board [2h 9c Th 7s Kc]
Seat 1: confucius403 (button) showed [Ad Ac] and won (€3.07) with a pair of Aces
Seat 2: MaxiMick (small blind) folded before Flop
Seat 3: lilmacumba2 (big blind) showed [Qh Ah] and lost with high card Ace
Seat 4: Nescoe folded before Flop (didn't bet)
Seat 5: jpvacas folded before Flop (didn't bet)
Seat 6: pipinoelbreve9 folded before Flop (didn't bet)



PokerStars Zoom Hand #257856440634:  Hold'em No Limit (€0.01/€0.02) - 2025/09/23 16:23:33 CET [2025/09/23 10:23:33 ET]
Table 'Arneb' 6-max Seat #1 is the button
Seat 1: danigj87 (€1.52 in chips) 
Seat 2: Jose Florenc (€0.39 in chips) 
Seat 3: AnxoGM (€4.43 in chips) 
Seat 4: pipinoelbreve9 (€2.79 in chips) 
Seat 5: originaleuler (€2.16 in chips) 
Seat 6: kaou35 (€2.10 in chips) 
Jose Florenc: posts small blind €0.01
AnxoGM: posts big blind €0.02
*** HOLE CARDS ***
Dealt to pipinoelbreve9 [2h Ah]
pipinoelbreve9: raises €0.04 to €0.06
originaleuler: folds 
kaou35: folds 
danigj87: calls €0.06
Jose Florenc: folds 
AnxoGM: folds 
*** FLOP *** [9d 6c 3d]
pipinoelbreve9: checks 
danigj87: checks 
*** TURN *** [9d 6c 3d] [5h]
pipinoelbreve9: bets €0.07
danigj87: folds 
Uncalled bet (€0.07) returned to pipinoelbreve9
pipinoelbreve9 collected €0.14 from pot
pipinoelbreve9: doesn't show hand 
*** SUMMARY ***
Total pot €0.15 | Rake €0.01 
Board [9d 6c 3d 5h]
Seat 1: danigj87 (button) folded on the Turn
Seat 2: Jose Florenc (small blind) folded before Flop
Seat 3: AnxoGM (big blind) folded before Flop
Seat 4: pipinoelbreve9 collected (€0.14)
Seat 5: originaleuler folded before Flop (didn't bet)
Seat 6: kaou35 folded before Flop (didn't bet)



PokerStars Zoom Hand #257856446814:  Hold'em No Limit (€0.01/€0.02) - 2025/09/23 16:24:12 CET [2025/09/23 10:24:12 ET]
Table 'Arneb' 6-max Seat #1 is the button
Seat 1: pipinoelbreve9 (€2.87 in chips) 
Seat 2: aaronroxi (€2.27 in chips) 
Seat 3: NCabral_SCP (€2 in chips) 
Seat 4: emilezolla (€3.02 in chips) 
Seat 5: Franxia (€2.53 in chips) 
Seat 6: zhouweiyi888 (€3.17 in chips) 
aaronroxi: posts small blind €0.01
NCabral_SCP: posts big blind €0.02
*** HOLE CARDS ***
Dealt to pipinoelbreve9 [Ah Jh]
emilezolla: folds 
Franxia: folds 
zhouweiyi888: folds 
pipinoelbreve9: raises €0.04 to €0.06
aaronroxi: raises €0.14 to €0.20
NCabral_SCP: folds 
pipinoelbreve9: calls €0.14
*** FLOP *** [6c Jc 3h]
aaronroxi: bets €0.13
pipinoelbreve9: calls €0.13
*** TURN *** [6c Jc 3h] [4d]
aaronroxi: bets €0.49
pipinoelbreve9: calls €0.49
*** RIVER *** [6c Jc 3h 4d] [7h]
aaronroxi: bets €1.45 and is all-in
pipinoelbreve9: calls €1.45
*** SHOW DOWN ***
aaronroxi: shows [Kc Ad] (high card Ace)
pipinoelbreve9: shows [Ah Jh] (a pair of Jacks)
pipinoelbreve9 collected €4.33 from pot
*** SUMMARY ***
Total pot €4.56 | Rake €0.23 
Board [6c Jc 3h 4d 7h]
Seat 1: pipinoelbreve9 (button) showed [Ah Jh] and won (€4.33) with a pair of Jacks
Seat 2: aaronroxi (small blind) showed [Kc Ad] and lost with high card Ace
Seat 3: NCabral_SCP (big blind) folded before Flop
Seat 4: emilezolla folded before Flop (didn't bet)
Seat 5: Franxia folded before Flop (didn't bet)
Seat 6: zhouweiyi888 folded before Flop (didn't bet)



PokerStars Zoom Hand #257856452484:  Hold'em No Limit (€0.01/€0.02) - 2025/09/23 16:24:48 CET [2025/09/23 10:24:48 ET]
Table 'Arneb' 6-max Seat #1 is the button
Seat 1: Elnardoss (€2.04 in chips) 
Seat 2: hugmega (€2.78 in chips) 
Seat 3: pipinoelbreve9 (€4.93 in chips) 
Seat 4: Siddharta33 (€2.05 in chips) 
Seat 5: aaronroxi (€2 in chips) 
Seat 6: paul20025 (€2.58 in chips) 
hugmega: posts small blind €0.01
pipinoelbreve9: posts big blind €0.02
*** HOLE CARDS ***
Dealt to pipinoelbreve9 [8c Jd]
Siddharta33: folds 
aaronroxi: folds 
paul20025: folds 
Elnardoss: raises €0.04 to €0.06
hugmega: folds 
pipinoelbreve9: folds 
Uncalled bet (€0.04) returned to Elnardoss
Elnardoss collected €0.05 from pot
Elnardoss: doesn't show hand 
*** SUMMARY ***
Total pot €0.05 | Rake €0 
Seat 1: Elnardoss (button) collected (€0.05)
Seat 2: hugmega (small blind) folded before Flop
Seat 3: pipinoelbreve9 (big blind) folded before Flop
Seat 4: Siddharta33 folded before Flop (didn't bet)
Seat 5: aaronroxi folded before Flop (didn't bet)
Seat 6: paul20025 folded before Flop (didn't bet)



PokerStars Zoom Hand #257856458049:  Hold'em No Limit (€0.01/€0.02) - 2025/09/23 16:25:23 CET [2025/09/23 10:25:23 ET]
Table 'Arneb' 6-max Seat #1 is the button
Seat 1: jlf06ps (€2.15 in chips) 
Seat 2: Nescoe (€3.11 in chips) 
Seat 3: MaxiMick (€2.31 in chips) 
Seat 4: pipinoelbreve9 (€4.90 in chips) 
Seat 5: Marcosmat99 (€2 in chips) 
Seat 6: ese lines (€1.49 in chips) 
Nescoe: posts small blind €0.01
MaxiMick: posts big blind €0.02
*** HOLE CARDS ***
Dealt to pipinoelbreve9 [Qh 3c]
pipinoelbreve9: folds 
Marcosmat99: folds 
ese lines: folds 
jlf06ps: folds 
Nescoe: folds 
Uncalled bet (€0.01) returned to MaxiMick
MaxiMick collected €0.02 from pot
MaxiMick: doesn't show hand 
*** SUMMARY ***
Total pot €0.02 | Rake €0 
Seat 1: jlf06ps (button) folded before Flop (didn't bet)
Seat 2: Nescoe (small blind) folded before Flop
Seat 3: MaxiMick (big blind) collected (€0.02)
Seat 4: pipinoelbreve9 folded before Flop (didn't bet)
Seat 5: Marcosmat99 folded before Flop (didn't bet)
Seat 6: ese lines folded before Flop (didn't bet)



PokerStars Zoom Hand #257856458668:  Hold'em No Limit (€0.01/€0.02) - 2025/09/23 16:25:27 CET [2025/09/23 10:25:27 ET]
Table 'Arneb' 6-max Seat #1 is the button
Seat 1: pipinoelbreve9 (€4.90 in chips) 
Seat 2: DavSnook (€0.40 in chips) 
Seat 3: freynaz (€1.98 in chips) 
Seat 4: hugmega (€2.74 in chips) 
Seat 5: ese lines (€1.49 in chips) 
Seat 6: MDKristian (€2.16 in chips) 
DavSnook: posts small blind €0.01
freynaz: posts big blind €0.02
*** HOLE CARDS ***
Dealt to pipinoelbreve9 [2c Kd]
hugmega: folds 
ese lines: folds 
MDKristian: folds 
pipinoelbreve9: folds 
DavSnook: folds 
Uncalled bet (€0.01) returned to freynaz
freynaz collected €0.02 from pot
freynaz: doesn't show hand 
*** SUMMARY ***
Total pot €0.02 | Rake €0 
Seat 1: pipinoelbreve9 (button) folded before Flop (didn't bet)
Seat 2: DavSnook (small blind) folded before Flop
Seat 3: freynaz (big blind) collected (€0.02)
Seat 4: hugmega folded before Flop (didn't bet)
Seat 5: ese lines folded before Flop (didn't bet)
Seat 6: MDKristian folded before Flop (didn't bet)



PokerStars Zoom Hand #257856456163:  Hold'em No Limit (€0.01/€0.02) - 2025/09/23 16:25:11 CET [2025/09/23 10:25:11 ET]
Table 'Arneb' 6-max Seat #1 is the button
Seat 1: martine4839 (€2.26 in chips) 
Seat 2: pipinoelbreve9 (€4.91 in chips) 
Seat 3: aaronroxi (€2 in chips) 
Seat 4: MaxiMick (€2.32 in chips) 
Seat 5: SMN242 (€2.35 in chips) 
Seat 6: Elnardoss (€2.07 in chips) 
pipinoelbreve9: posts small blind €0.01
aaronroxi: posts big blind €0.02
*** HOLE CARDS ***
Dealt to pipinoelbreve9 [3s Jc]
MaxiMick: folds 
SMN242: folds 
Elnardoss: raises €0.04 to €0.06
martine4839: folds 
pipinoelbreve9: folds 
aaronroxi: calls €0.04
*** FLOP *** [Qs Ks 8c]
aaronroxi: checks 
Elnardoss: checks 
*** TURN *** [Qs Ks 8c] [Qd]
aaronroxi: checks 
Elnardoss: bets €0.04
aaronroxi: folds 
Uncalled bet (€0.04) returned to Elnardoss
Elnardoss collected €0.12 from pot
Elnardoss: doesn't show hand 
*** SUMMARY ***
Total pot €0.13 | Rake €0.01 
Board [Qs Ks 8c Qd]
Seat 1: martine4839 (button) folded before Flop (didn't bet)
Seat 2: pipinoelbreve9 (small blind) folded before Flop
Seat 3: aaronroxi (big blind) folded on the Turn
Seat 4: MaxiMick folded before Flop (didn't bet)
Seat 5: SMN242 folded before Flop (didn't bet)
Seat 6: Elnardoss collected (€0.12)



PokerStars Zoom Hand #257856462259:  Hold'em No Limit (€0.01/€0.02) - 2025/09/23 16:25:50 CET [2025/09/23 10:25:50 ET]
Table 'Arneb' 6-max Seat #1 is the button
Seat 1: Nescoe (€4.45 in chips) 
Seat 2: hugmega (€2.75 in chips) 
Seat 3: pipinoelbreve9 (€4.90 in chips) 
Seat 4: santiago_nardiz (€1.29 in chips) 
Seat 5: @RobarTevoy99 (€1.85 in chips) 
Seat 6: LittleVerole (€0.92 in chips) 
hugmega: posts small blind €0.01
pipinoelbreve9: posts big blind €0.02
*** HOLE CARDS ***
Dealt to pipinoelbreve9 [9c Js]
santiago_nardiz: folds 
@RobarTevoy99: folds 
LittleVerole: folds 
Nescoe: folds 
hugmega: folds 
Uncalled bet (€0.01) returned to pipinoelbreve9
pipinoelbreve9 collected €0.02 from pot
pipinoelbreve9: doesn't show hand 
*** SUMMARY ***
Total pot €0.02 | Rake €0 
Seat 1: Nescoe (button) folded before Flop (didn't bet)
Seat 2: hugmega (small blind) folded before Flop
Seat 3: pipinoelbreve9 (big blind) collected (€0.02)
Seat 4: santiago_nardiz folded before Flop (didn't bet)
Seat 5: @RobarTevoy99 folded before Flop (didn't bet)
Seat 6: LittleVerole folded before Flop (didn't bet)



PokerStars Zoom Hand #257856460237:  Hold'em No Limit (€0.01/€0.02) - 2025/09/23 16:25:37 CET [2025/09/23 10:25:37 ET]
Table 'Arneb' 6-max Seat #1 is the button
Seat 1: LOBICHISIMO (€5.17 in chips) 
Seat 2: Elnardoss (€1.39 in chips) 
Seat 3: jpvacas (€2.10 in chips) 
Seat 4: @RobarTevoy99 (€2.39 in chips) 
Seat 5: pipinoelbreve9 (€4.90 in chips) 
Seat 6: danigj87 (€1.65 in chips) 
Elnardoss: posts small blind €0.01
jpvacas: posts big blind €0.02
*** HOLE CARDS ***
Dealt to pipinoelbreve9 [Js 8h]
@RobarTevoy99: folds 
pipinoelbreve9: folds 
danigj87 is disconnected 
danigj87 has timed out while disconnected
danigj87: folds 
LOBICHISIMO: raises €0.02 to €0.04
Elnardoss: folds 
jpvacas: folds 
Uncalled bet (€0.02) returned to LOBICHISIMO
LOBICHISIMO collected €0.05 from pot
LOBICHISIMO: doesn't show hand 
*** SUMMARY ***
Total pot €0.05 | Rake €0 
Seat 1: LOBICHISIMO (button) collected (€0.05)
Seat 2: Elnardoss (small blind) folded before Flop
Seat 3: jpvacas (big blind) folded before Flop
Seat 4: @RobarTevoy99 folded before Flop (didn't bet)
Seat 5: pipinoelbreve9 folded before Flop (didn't bet)
Seat 6: danigj87 folded before Flop (didn't bet)



PokerStars Zoom Hand #257856461593:  Hold'em No Limit (€0.01/€0.02) - 2025/09/23 16:25:46 CET [2025/09/23 10:25:46 ET]
Table 'Arneb' 6-max Seat #1 is the button
Seat 1: 34pluto (€0.91 in chips) 
Seat 2: SMN242 (€2.35 in chips) 
Seat 3: DarthRose (€2 in chips) 
Seat 4: pipinoelbreve9 (€4.90 in chips) 
Seat 5: Nescoe (€3.10 in chips) 
Seat 6: vaness47985 (€2.05 in chips) 
SMN242: posts small blind €0.01
DarthRose: posts big blind €0.02
*** HOLE CARDS ***
Dealt to pipinoelbreve9 [9d 8s]
pipinoelbreve9: folds 
Nescoe: folds 
vaness47985: folds 
34pluto has timed out
34pluto: folds 
SMN242: raises €0.03 to €0.05
DarthRose: folds 
Uncalled bet (€0.03) returned to SMN242
SMN242 collected €0.04 from pot
SMN242: doesn't show hand 
*** SUMMARY ***
Total pot €0.04 | Rake €0 
Seat 1: 34pluto (button) folded before Flop (didn't bet)
Seat 2: SMN242 (small blind) collected (€0.04)
Seat 3: DarthRose (big blind) folded before Flop
Seat 4: pipinoelbreve9 folded before Flop (didn't bet)
Seat 5: Nescoe folded before Flop (didn't bet)
Seat 6: vaness47985 folded before Flop (didn't bet)



PokerStars Zoom Hand #257856459500:  Hold'em No Limit (€0.01/€0.02) - 2025/09/23 16:25:32 CET [2025/09/23 10:25:32 ET]
Table 'Arneb' 6-max Seat #1 is the button
Seat 1: paul20025 (€2.51 in chips) 
Seat 2: DarthRose (€2 in chips) 
Seat 3: sukocash (€2.68 in chips) 
Seat 4: Isbut (€1.73 in chips) 
Seat 5: MDKristian (€2.16 in chips) 
Seat 6: pipinoelbreve9 (€4.90 in chips) 
DarthRose: posts small blind €0.01
sukocash: posts big blind €0.02
*** HOLE CARDS ***
Dealt to pipinoelbreve9 [5d Js]
Isbut: folds 
MDKristian: folds 
pipinoelbreve9: folds 
paul20025: calls €0.02
DarthRose: folds 
sukocash: checks 
*** FLOP *** [2h Qs 8h]
sukocash: checks 
paul20025: bets €0.02
sukocash: calls €0.02
*** TURN *** [2h Qs 8h] [4d]
sukocash: checks 
paul20025: checks 
*** RIVER *** [2h Qs 8h 4d] [4h]
sukocash: checks 
paul20025: bets €0.08
sukocash: calls €0.08
*** SHOW DOWN ***
paul20025: shows [As Jh] (a pair of Fours)
sukocash: mucks hand 
paul20025 collected €0.24 from pot
*** SUMMARY ***
Total pot €0.25 | Rake €0.01 
Board [2h Qs 8h 4d 4h]
Seat 1: paul20025 (button) showed [As Jh] and won (€0.24) with a pair of Fours
Seat 2: DarthRose (small blind) folded before Flop
Seat 3: sukocash (big blind) mucked [3h Ad]
Seat 4: Isbut folded before Flop (didn't bet)
Seat 5: MDKristian folded before Flop (didn't bet)
Seat 6: pipinoelbreve9 folded before Flop (didn't bet)



PokerStars Zoom Hand #257856467526:  Hold'em No Limit (€0.01/€0.02) - 2025/09/23 16:26:23 CET [2025/09/23 10:26:23 ET]
Table 'Arneb' 6-max Seat #1 is the button
Seat 1: pipinoelbreve9 (€4.90 in chips) 
Seat 2: MDKristian (€2.47 in chips) 
Seat 3: MaxiMick (€2.71 in chips) 
Seat 4: LittleVerole (€1.83 in chips) 
Seat 5: 34pluto (€1.66 in chips) 
Seat 6: @RobarTevoy99 (€2.35 in chips) 
MDKristian: posts small blind €0.01
MaxiMick: posts big blind €0.02
*** HOLE CARDS ***
Dealt to pipinoelbreve9 [6c 2c]
LittleVerole: folds 
34pluto: folds 
@RobarTevoy99: folds 
pipinoelbreve9: folds 
MDKristian: folds 
Uncalled bet (€0.01) returned to MaxiMick
MaxiMick collected €0.02 from pot
MaxiMick: doesn't show hand 
*** SUMMARY ***
Total pot €0.02 | Rake €0 
Seat 1: pipinoelbreve9 (button) folded before Flop (didn't bet)
Seat 2: MDKristian (small blind) folded before Flop
Seat 3: MaxiMick (big blind) collected (€0.02)
Seat 4: LittleVerole folded before Flop (didn't bet)
Seat 5: 34pluto folded before Flop (didn't bet)
Seat 6: @RobarTevoy99 folded before Flop (didn't bet)



PokerStars Zoom Hand #257856466790:  Hold'em No Limit (€0.01/€0.02) - 2025/09/23 16:26:18 CET [2025/09/23 10:26:18 ET]
Table 'Arneb' 6-max Seat #1 is the button
Seat 1: DavSnook (€2.63 in chips) 
Seat 2: szyman-pablo (€1.02 in chips) 
Seat 3: SMN242 (€2.37 in chips) 
Seat 4: SFT17 (€2 in chips) 
Seat 5: pipinoelbreve9 (€4.90 in chips) 
Seat 6: MaxiMick (€2.71 in chips) 
szyman-pablo: posts small blind €0.01
SMN242: posts big blind €0.02
*** HOLE CARDS ***
Dealt to pipinoelbreve9 [4c Jh]
SFT17: folds 
pipinoelbreve9: folds 
MaxiMick: folds 
DavSnook: raises €0.05 to €0.07
szyman-pablo: calls €0.06
SMN242: folds 
*** FLOP *** [Tc 9c 5c]
szyman-pablo: checks 
DavSnook: bets €0.08
szyman-pablo: folds 
Uncalled bet (€0.08) returned to DavSnook
DavSnook collected €0.15 from pot
DavSnook: doesn't show hand 
*** SUMMARY ***
Total pot €0.16 | Rake €0.01 
Board [Tc 9c 5c]
Seat 1: DavSnook (button) collected (€0.15)
Seat 2: szyman-pablo (small blind) folded on the Flop
Seat 3: SMN242 (big blind) folded before Flop
Seat 4: SFT17 folded before Flop (didn't bet)
Seat 5: pipinoelbreve9 folded before Flop (didn't bet)
Seat 6: MaxiMick folded before Flop (didn't bet)



PokerStars Zoom Hand #257856469189:  Hold'em No Limit (€0.01/€0.02) - 2025/09/23 16:26:33 CET [2025/09/23 10:26:33 ET]
Table 'Arneb' 6-max Seat #1 is the button
Seat 1: granotilla1 (€2.07 in chips) 
Seat 2: Nescoe (€1.37 in chips) 
Seat 3: pipinoelbreve9 (€4.90 in chips) 
Seat 4: Beto_Mdrz (€2.06 in chips) 
Seat 5: MDKristian (€2.46 in chips) 
Seat 6: LOBICHISIMO (€5.16 in chips) 
Nescoe: posts small blind €0.01
pipinoelbreve9: posts big blind €0.02
*** HOLE CARDS ***
Dealt to pipinoelbreve9 [3d 8c]
Beto_Mdrz: folds 
MDKristian: folds 
LOBICHISIMO: folds 
granotilla1: folds 
Nescoe: folds 
Uncalled bet (€0.01) returned to pipinoelbreve9
pipinoelbreve9 collected €0.02 from pot
pipinoelbreve9: doesn't show hand 
*** SUMMARY ***
Total pot €0.02 | Rake €0 
Seat 1: granotilla1 (button) folded before Flop (didn't bet)
Seat 2: Nescoe (small blind) folded before Flop
Seat 3: pipinoelbreve9 (big blind) collected (€0.02)
Seat 4: Beto_Mdrz folded before Flop (didn't bet)
Seat 5: MDKristian folded before Flop (didn't bet)
Seat 6: LOBICHISIMO folded before Flop (didn't bet)



PokerStars Zoom Hand #257856463555:  Hold'em No Limit (€0.01/€0.02) - 2025/09/23 16:25:58 CET [2025/09/23 10:25:58 ET]
Table 'Arneb' 6-max Seat #1 is the button
Seat 1: vaness47985 (€2.06 in chips) 
Seat 2: pipinoelbreve9 (€4.91 in chips) 
Seat 3: Nescoe (€4.45 in chips) 
Seat 4: MDKristian (€2.16 in chips) 
Seat 5: LAROSA74 (€2.29 in chips) 
Seat 6: Bestiote (€1.80 in chips) 
pipinoelbreve9: posts small blind €0.01
Nescoe: posts big blind €0.02
*** HOLE CARDS ***
Dealt to pipinoelbreve9 [7s Ts]
MDKristian: raises €0.03 to €0.05
LAROSA74: folds 
Bestiote: raises €0.13 to €0.18
vaness47985: calls €0.18
pipinoelbreve9: folds 
Nescoe: folds 
MDKristian: folds 
*** FLOP *** [8d 3c Tc]
Bestiote: bets €0.21
vaness47985: calls €0.21
*** TURN *** [8d 3c Tc] [Qc]
Bestiote: bets €0.08
vaness47985: raises €0.49 to €0.57
Bestiote: folds 
Uncalled bet (€0.49) returned to vaness47985
vaness47985 collected €0.97 from pot
vaness47985: doesn't show hand 
*** SUMMARY ***
Total pot €1.02 | Rake €0.05 
Board [8d 3c Tc Qc]
Seat 1: vaness47985 (button) collected (€0.97)
Seat 2: pipinoelbreve9 (small blind) folded before Flop
Seat 3: Nescoe (big blind) folded before Flop
Seat 4: MDKristian folded before Flop
Seat 5: LAROSA74 folded before Flop (didn't bet)
Seat 6: Bestiote folded on the Turn



PokerStars Zoom Hand #257856468677:  Hold'em No Limit (€0.01/€0.02) - 2025/09/23 16:26:30 CET [2025/09/23 10:26:30 ET]
Table 'Arneb' 6-max Seat #1 is the button
Seat 1: LittleVerole (€2.25 in chips) 
Seat 2: kaou35 (€1.97 in chips) 
Seat 3: Nescoe (€5.46 in chips) 
Seat 4: pipinoelbreve9 (€4.90 in chips) 
Seat 5: hugmega (€2.05 in chips) 
Seat 6: jlf06ps (€2.15 in chips) 
kaou35: posts small blind €0.01
Nescoe: posts big blind €0.02
*** HOLE CARDS ***
Dealt to pipinoelbreve9 [8d 5s]
pipinoelbreve9: folds 
hugmega: folds 
jlf06ps: folds 
LittleVerole: folds 
kaou35: raises €0.04 to €0.06
Nescoe: folds 
Uncalled bet (€0.04) returned to kaou35
kaou35 collected €0.04 from pot
kaou35: doesn't show hand 
*** SUMMARY ***
Total pot €0.04 | Rake €0 
Seat 1: LittleVerole (button) folded before Flop (didn't bet)
Seat 2: kaou35 (small blind) collected (€0.04)
Seat 3: Nescoe (big blind) folded before Flop
Seat 4: pipinoelbreve9 folded before Flop (didn't bet)
Seat 5: hugmega folded before Flop (didn't bet)
Seat 6: jlf06ps folded before Flop (didn't bet)



PokerStars Zoom Hand #257856468156:  Hold'em No Limit (€0.01/€0.02) - 2025/09/23 16:26:27 CET [2025/09/23 10:26:27 ET]
Table 'Arneb' 6-max Seat #1 is the button
Seat 1: SFT17 (€2 in chips) 
Seat 2: pucelay.29 (€1.35 in chips) 
Seat 3: plaza 222 (€0.41 in chips) 
Seat 4: 34pluto (€1.66 in chips) 
Seat 5: jlf06ps (€2.15 in chips) 
Seat 6: pipinoelbreve9 (€4.90 in chips) 
pucelay.29: posts small blind €0.01
plaza 222: posts big blind €0.02
*** HOLE CARDS ***
Dealt to pipinoelbreve9 [6d Ks]
34pluto: folds 
jlf06ps: folds 
pipinoelbreve9: folds 
SFT17: folds 
pucelay.29: folds 
Uncalled bet (€0.01) returned to plaza 222
plaza 222 collected €0.02 from pot
plaza 222: doesn't show hand 
*** SUMMARY ***
Total pot €0.02 | Rake €0 
Seat 1: SFT17 (button) folded before Flop (didn't bet)
Seat 2: pucelay.29 (small blind) folded before Flop
Seat 3: plaza 222 (big blind) collected (€0.02)
Seat 4: 34pluto folded before Flop (didn't bet)
Seat 5: jlf06ps folded before Flop (didn't bet)
Seat 6: pipinoelbreve9 folded before Flop (didn't bet)



PokerStars Zoom Hand #257856470852:  Hold'em No Limit (€0.01/€0.02) - 2025/09/23 16:26:44 CET [2025/09/23 10:26:44 ET]
Table 'Arneb' 6-max Seat #1 is the button
Seat 1: Aldus24 (€2.01 in chips) 
Seat 2: pipinoelbreve9 (€4.91 in chips) 
Seat 3: Franxia (€2.49 in chips) 
Seat 4: Bestiote (€1.33 in chips) 
Seat 5: LilAnyel (€2.12 in chips) 
Seat 6: MDKristian (€2 in chips) 
pipinoelbreve9: posts small blind €0.01
Franxia: posts big blind €0.02
*** HOLE CARDS ***
Dealt to pipinoelbreve9 [Ac 5s]
Bestiote: folds 
LilAnyel: folds 
MDKristian: raises €0.03 to €0.05
Aldus24: folds 
pipinoelbreve9: calls €0.04
Franxia: folds 
*** FLOP *** [5d 4s Qs]
pipinoelbreve9: checks 
MDKristian: checks 
*** TURN *** [5d 4s Qs] [Ks]
pipinoelbreve9: bets €0.06
MDKristian: folds 
Uncalled bet (€0.06) returned to pipinoelbreve9
pipinoelbreve9 collected €0.11 from pot
pipinoelbreve9: doesn't show hand 
*** SUMMARY ***
Total pot €0.12 | Rake €0.01 
Board [5d 4s Qs Ks]
Seat 1: Aldus24 (button) folded before Flop (didn't bet)
Seat 2: pipinoelbreve9 (small blind) collected (€0.11)
Seat 3: Franxia (big blind) folded before Flop
Seat 4: Bestiote folded before Flop (didn't bet)
Seat 5: LilAnyel folded before Flop (didn't bet)
Seat 6: MDKristian folded on the Turn



PokerStars Zoom Hand #257856473936:  Hold'em No Limit (€0.01/€0.02) - 2025/09/23 16:27:03 CET [2025/09/23 10:27:03 ET]
Table 'Arneb' 6-max Seat #1 is the button
Seat 1: pipinoelbreve9 (€4.97 in chips) 
Seat 2: hugmega (€2.03 in chips) 
Seat 3: jpvacas (€2.07 in chips) 
Seat 4: spoke_6969 (€3.25 in chips) 
Seat 5: LAROSA74 (€2.15 in chips) 
Seat 6: Marcosmat99 (€3.78 in chips) 
hugmega: posts small blind €0.01
jpvacas: posts big blind €0.02
*** HOLE CARDS ***
Dealt to pipinoelbreve9 [3d Th]
spoke_6969: folds 
LAROSA74: folds 
Marcosmat99: raises €0.03 to €0.05
pipinoelbreve9: folds 
hugmega: folds 
jpvacas: folds 
Uncalled bet (€0.03) returned to Marcosmat99
Marcosmat99 collected €0.05 from pot
Marcosmat99: doesn't show hand 
*** SUMMARY ***
Total pot €0.05 | Rake €0 
Seat 1: pipinoelbreve9 (button) folded before Flop (didn't bet)
Seat 2: hugmega (small blind) folded before Flop
Seat 3: jpvacas (big blind) folded before Flop
Seat 4: spoke_6969 folded before Flop (didn't bet)
Seat 5: LAROSA74 folded before Flop (didn't bet)
Seat 6: Marcosmat99 collected (€0.05)



PokerStars Zoom Hand #257856474571:  Hold'em No Limit (€0.01/€0.02) - 2025/09/23 16:27:08 CET [2025/09/23 10:27:08 ET]
Table 'Arneb' 6-max Seat #1 is the button
Seat 1: Nescoe (€5.43 in chips) 
Seat 2: Siddharta33 (€1.03 in chips) 
Seat 3: NCabral_SCP (€3.30 in chips) 
Seat 4: LAROSA74 (€2.15 in chips) 
Seat 5: spoke_6969 (€3.25 in chips) 
Seat 6: pipinoelbreve9 (€4.97 in chips) 
Siddharta33: posts small blind €0.01
NCabral_SCP: posts big blind €0.02
*** HOLE CARDS ***
Dealt to pipinoelbreve9 [Td Ac]
LAROSA74: folds 
spoke_6969: raises €0.04 to €0.06
pipinoelbreve9: folds 
Nescoe: folds 
Siddharta33: folds 
NCabral_SCP: folds 
Uncalled bet (€0.04) returned to spoke_6969
spoke_6969 collected €0.05 from pot
spoke_6969: doesn't show hand 
*** SUMMARY ***
Total pot €0.05 | Rake €0 
Seat 1: Nescoe (button) folded before Flop (didn't bet)
Seat 2: Siddharta33 (small blind) folded before Flop
Seat 3: NCabral_SCP (big blind) folded before Flop
Seat 4: LAROSA74 folded before Flop (didn't bet)
Seat 5: spoke_6969 collected (€0.05)
Seat 6: pipinoelbreve9 folded before Flop (didn't bet)



PokerStars Zoom Hand #257856475779:  Hold'em No Limit (€0.01/€0.02) - 2025/09/23 16:27:15 CET [2025/09/23 10:27:15 ET]
Table 'Arneb' 6-max Seat #1 is the button
Seat 1: Nescoe (€4.42 in chips) 
Seat 2: Flopys Carter (€2.28 in chips) 
Seat 3: 34pluto (€1.76 in chips) 
Seat 4: LittleVerole (€2.27 in chips) 
Seat 5: pipinoelbreve9 (€4.97 in chips) 
Seat 6: jpvacas (€2.10 in chips) 
Flopys Carter: posts small blind €0.01
34pluto: posts big blind €0.02
*** HOLE CARDS ***
Dealt to pipinoelbreve9 [Jd Qs]
LittleVerole: folds 
pipinoelbreve9: raises €0.04 to €0.06
jpvacas: folds 
Nescoe: calls €0.06
Flopys Carter: folds 
34pluto: folds 
*** FLOP *** [9d Jh 9s]
pipinoelbreve9: bets €0.05
Nescoe: calls €0.05
*** TURN *** [9d Jh 9s] [3h]
pipinoelbreve9: bets €0.16
Nescoe: calls €0.16
*** RIVER *** [9d Jh 9s 3h] [Ah]
pipinoelbreve9: checks 
Nescoe: checks 
*** SHOW DOWN ***
pipinoelbreve9: shows [Jd Qs] (two pair, Jacks and Nines)
Nescoe: shows [Th Jc] (two pair, Jacks and Nines)
pipinoelbreve9 collected €0.27 from pot
Nescoe collected €0.27 from pot
*** SUMMARY ***
Total pot €0.57 | Rake €0.03 
Board [9d Jh 9s 3h Ah]
Seat 1: Nescoe (button) showed [Th Jc] and won (€0.27) with two pair, Jacks and Nines
Seat 2: Flopys Carter (small blind) folded before Flop
Seat 3: 34pluto (big blind) folded before Flop
Seat 4: LittleVerole folded before Flop (didn't bet)
Seat 5: pipinoelbreve9 showed [Jd Qs] and won (€0.27) with two pair, Jacks and Nines
Seat 6: jpvacas folded before Flop (didn't bet)



PokerStars Zoom Hand #257856488433:  Hold'em No Limit (€0.01/€0.02) - 2025/09/23 16:28:34 CET [2025/09/23 10:28:34 ET]
Table 'Arneb' 6-max Seat #1 is the button
Seat 1: MaxiMick (€3.88 in chips) 
Seat 2: granotilla1 (€2.61 in chips) 
Seat 3: Nescoe (€4.42 in chips) 
Seat 4: MDKristian (€2.30 in chips) 
Seat 5: pipinoelbreve9 (€4.97 in chips) 
Seat 6: pucelay.29 (€2.35 in chips) 
granotilla1: posts small blind €0.01
Nescoe: posts big blind €0.02
*** HOLE CARDS ***
Dealt to pipinoelbreve9 [Qc 5d]
MDKristian: folds 
pipinoelbreve9: folds 
pucelay.29: folds 
MaxiMick: folds 
granotilla1: folds 
Uncalled bet (€0.01) returned to Nescoe
Nescoe collected €0.02 from pot
Nescoe: doesn't show hand 
*** SUMMARY ***
Total pot €0.02 | Rake €0 
Seat 1: MaxiMick (button) folded before Flop (didn't bet)
Seat 2: granotilla1 (small blind) folded before Flop
Seat 3: Nescoe (big blind) collected (€0.02)
Seat 4: MDKristian folded before Flop (didn't bet)
Seat 5: pipinoelbreve9 folded before Flop (didn't bet)
Seat 6: pucelay.29 folded before Flop (didn't bet)



PokerStars Zoom Hand #257856489189:  Hold'em No Limit (€0.01/€0.02) - 2025/09/23 16:28:39 CET [2025/09/23 10:28:39 ET]
Table 'Arneb' 6-max Seat #1 is the button
Seat 1: MDKristian (€2.03 in chips) 
Seat 2: spoke_6969 (€3.32 in chips) 
Seat 3: pipinoelbreve9 (€4.97 in chips) 
Seat 4: Flopys Carter (€2.33 in chips) 
Seat 5: jpvacas (€2.55 in chips) 
Seat 6: pucelay.29 (€2.27 in chips) 
spoke_6969: posts small blind €0.01
pipinoelbreve9: posts big blind €0.02
*** HOLE CARDS ***
Dealt to pipinoelbreve9 [Qc 3c]
Flopys Carter is disconnected 
Flopys Carter has timed out while disconnected
Flopys Carter: folds 
jpvacas: folds 
pucelay.29: folds 
MDKristian: folds 
spoke_6969: folds 
Uncalled bet (€0.01) returned to pipinoelbreve9
pipinoelbreve9 collected €0.02 from pot
pipinoelbreve9: doesn't show hand 
*** SUMMARY ***
Total pot €0.02 | Rake €0 
Seat 1: MDKristian (button) folded before Flop (didn't bet)
Seat 2: spoke_6969 (small blind) folded before Flop
Seat 3: pipinoelbreve9 (big blind) collected (€0.02)
Seat 4: Flopys Carter folded before Flop (didn't bet)
Seat 5: jpvacas folded before Flop (didn't bet)
Seat 6: pucelay.29 folded before Flop (didn't bet)



PokerStars Zoom Hand #257856487628:  Hold'em No Limit (€0.01/€0.02) - 2025/09/23 16:28:29 CET [2025/09/23 10:28:29 ET]
Table 'Arneb' 6-max Seat #1 is the button
Seat 1: AnxoGM (€4.86 in chips) 
Seat 2: tonid00kie (€1.09 in chips) 
Seat 3: SFT17 (€2 in chips) 
Seat 4: pipinoelbreve9 (€4.97 in chips) 
Seat 5: Nescoe (€4.42 in chips) 
Seat 6: jpvacas (€3.19 in chips) 
tonid00kie: posts small blind €0.01
SFT17: posts big blind €0.02
*** HOLE CARDS ***
Dealt to pipinoelbreve9 [2s Kc]
pipinoelbreve9: folds 
Nescoe: folds 
jpvacas: folds 
AnxoGM: raises €0.03 to €0.05
tonid00kie: folds 
SFT17: raises €0.17 to €0.22
AnxoGM: calls €0.17
*** FLOP *** [Tc 8d 9d]
SFT17: bets €0.14
AnxoGM: calls €0.14
*** TURN *** [Tc 8d 9d] [Qd]
SFT17: checks 
AnxoGM: bets €0.46
SFT17: calls €0.46
*** RIVER *** [Tc 8d 9d Qd] [Kd]
SFT17: checks 
AnxoGM: checks 
*** SHOW DOWN ***
SFT17: shows [Kh Ks] (three of a kind, Kings)
AnxoGM: shows [Jd Jh] (a flush, King high)
AnxoGM collected €1.57 from pot
*** SUMMARY ***
Total pot €1.65 | Rake €0.08 
Board [Tc 8d 9d Qd Kd]
Seat 1: AnxoGM (button) showed [Jd Jh] and won (€1.57) with a flush, King high
Seat 2: tonid00kie (small blind) folded before Flop
Seat 3: SFT17 (big blind) showed [Kh Ks] and lost with three of a kind, Kings
Seat 4: pipinoelbreve9 folded before Flop (didn't bet)
Seat 5: Nescoe folded before Flop (didn't bet)
Seat 6: jpvacas folded before Flop (didn't bet)



PokerStars Zoom Hand #257856491608:  Hold'em No Limit (€0.01/€0.02) - 2025/09/23 16:28:55 CET [2025/09/23 10:28:55 ET]
Table 'Arneb' 6-max Seat #1 is the button
Seat 1: DavSnook (€2.67 in chips) 
Seat 2: pipinoelbreve9 (€4.98 in chips) 
Seat 3: Siddharta33 (€2.13 in chips) 
Seat 4: kaou35 (€1.21 in chips) 
Seat 5: LittleVerole (€0.76 in chips) 
Seat 6: SFT17 (€2.21 in chips) 
pipinoelbreve9: posts small blind €0.01
Siddharta33: posts big blind €0.02
*** HOLE CARDS ***
Dealt to pipinoelbreve9 [Qc 8s]
kaou35 has timed out
kaou35: folds 
LittleVerole: raises €0.02 to €0.04
SFT17: folds 
DavSnook: calls €0.04
pipinoelbreve9: folds 
Siddharta33: calls €0.02
*** FLOP *** [7h 4h 6h]
Siddharta33: bets €0.02
LittleVerole: folds 
DavSnook: folds 
Uncalled bet (€0.02) returned to Siddharta33
Siddharta33 collected €0.12 from pot
Siddharta33: doesn't show hand 
*** SUMMARY ***
Total pot €0.13 | Rake €0.01 
Board [7h 4h 6h]
Seat 1: DavSnook (button) folded on the Flop
Seat 2: pipinoelbreve9 (small blind) folded before Flop
Seat 3: Siddharta33 (big blind) collected (€0.12)
Seat 4: kaou35 folded before Flop (didn't bet)
Seat 5: LittleVerole folded on the Flop
Seat 6: SFT17 folded before Flop (didn't bet)



PokerStars Zoom Hand #257856494591:  Hold'em No Limit (€0.01/€0.02) - 2025/09/23 16:29:14 CET [2025/09/23 10:29:14 ET]
Table 'Arneb' 6-max Seat #1 is the button
Seat 1: pipinoelbreve9 (€4.97 in chips) 
Seat 2: tonid00kie (€1.13 in chips) 
Seat 3: kaou35 (€1.21 in chips) 
Seat 4: @RobarTevoy99 (€2.58 in chips) 
Seat 5: FAUCES (€1.97 in chips) 
Seat 6: Aldus24 (€2.10 in chips) 
tonid00kie: posts small blind €0.01
kaou35: posts big blind €0.02
*** HOLE CARDS ***
Dealt to pipinoelbreve9 [3s 7h]
@RobarTevoy99: folds 
FAUCES: raises €0.04 to €0.06
Aldus24: folds 
pipinoelbreve9: folds 
tonid00kie: folds 
kaou35: folds 
Uncalled bet (€0.04) returned to FAUCES
FAUCES collected €0.05 from pot
FAUCES: doesn't show hand 
*** SUMMARY ***
Total pot €0.05 | Rake €0 
Seat 1: pipinoelbreve9 (button) folded before Flop (didn't bet)
Seat 2: tonid00kie (small blind) folded before Flop
Seat 3: kaou35 (big blind) folded before Flop
Seat 4: @RobarTevoy99 folded before Flop (didn't bet)
Seat 5: FAUCES collected (€0.05)
Seat 6: Aldus24 folded before Flop (didn't bet)



PokerStars Zoom Hand #257856497146:  Hold'em No Limit (€0.01/€0.02) - 2025/09/23 16:29:30 CET [2025/09/23 10:29:30 ET]
Table 'Arneb' 6-max Seat #1 is the button
Seat 1: @RobarTevoy99 (€2.95 in chips) 
Seat 2: pipinoelbreve9 (€4.95 in chips) 
Seat 3: NCabral_SCP (€2.86 in chips) 
Seat 4: jpvacas (€2.05 in chips) 
Seat 5: DavSnook (€1.94 in chips) 
Seat 6: AnxoGM (€2 in chips) 
pipinoelbreve9: posts small blind €0.01
NCabral_SCP: posts big blind €0.02
*** HOLE CARDS ***
Dealt to pipinoelbreve9 [Qc 6h]
jpvacas: folds 
DavSnook: folds 
AnxoGM: folds 
@RobarTevoy99: folds 
pipinoelbreve9: folds 
Uncalled bet (€0.01) returned to NCabral_SCP
NCabral_SCP collected €0.02 from pot
NCabral_SCP: doesn't show hand 
*** SUMMARY ***
Total pot €0.02 | Rake €0 
Seat 1: @RobarTevoy99 (button) folded before Flop (didn't bet)
Seat 2: pipinoelbreve9 (small blind) folded before Flop
Seat 3: NCabral_SCP (big blind) collected (€0.02)
Seat 4: jpvacas folded before Flop (didn't bet)
Seat 5: DavSnook folded before Flop (didn't bet)
Seat 6: AnxoGM folded before Flop (didn't bet)



PokerStars Zoom Hand #257856494120:  Hold'em No Limit (€0.01/€0.02) - 2025/09/23 16:29:11 CET [2025/09/23 10:29:11 ET]
Table 'Arneb' 6-max Seat #1 is the button
Seat 1: MDKristian (€2.30 in chips) 
Seat 2: Franxia (€2 in chips) 
Seat 3: Freakyshiro (€0.49 in chips) 
Seat 4: tonid00kie (€1.13 in chips) 
Seat 5: fajoal13 (€0.55 in chips) 
Seat 6: pipinoelbreve9 (€4.97 in chips) 
Franxia: posts small blind €0.01
Freakyshiro: posts big blind €0.02
*** HOLE CARDS ***
Dealt to pipinoelbreve9 [5h 7s]
tonid00kie: folds 
fajoal13: folds 
pipinoelbreve9: folds 
MDKristian: raises €0.03 to €0.05
Franxia: folds 
Freakyshiro: raises €0.03 to €0.08
MDKristian: raises €0.03 to €0.11
Freakyshiro: calls €0.03
*** FLOP *** [Th 3s 8h]
Freakyshiro: bets €0.10
MDKristian: calls €0.10
*** TURN *** [Th 3s 8h] [Ah]
Freakyshiro: bets €0.08
MDKristian: raises €0.86 to €0.94
Freakyshiro: calls €0.20 and is all-in
Uncalled bet (€0.66) returned to MDKristian
*** RIVER *** [Th 3s 8h Ah] [Qh]
*** SHOW DOWN ***
Freakyshiro: shows [6c 9c] (high card Ace)
MDKristian: shows [Ac Jh] (a flush, Ace high)
MDKristian collected €0.94 from pot
*** SUMMARY ***
Total pot €0.99 | Rake €0.05 
Board [Th 3s 8h Ah Qh]
Seat 1: MDKristian (button) showed [Ac Jh] and won (€0.94) with a flush, Ace high
Seat 2: Franxia (small blind) folded before Flop
Seat 3: Freakyshiro (big blind) showed [6c 9c] and lost with high card Ace
Seat 4: tonid00kie folded before Flop (didn't bet)
Seat 5: fajoal13 folded before Flop (didn't bet)
Seat 6: pipinoelbreve9 folded before Flop (didn't bet)



PokerStars Zoom Hand #257856498365:  Hold'em No Limit (€0.01/€0.02) - 2025/09/23 16:29:38 CET [2025/09/23 10:29:38 ET]
Table 'Arneb' 6-max Seat #1 is the button
Seat 1: pipinoelbreve9 (€4.94 in chips) 
Seat 2: MDKristian (€2.47 in chips) 
Seat 3: hugmega (€3.13 in chips) 
Seat 4: @RobarTevoy99 (€1.33 in chips) 
Seat 5: AnxoGM (€5.72 in chips) 
Seat 6: jpvacas (€2.05 in chips) 
MDKristian: posts small blind €0.01
hugmega: posts big blind €0.02
*** HOLE CARDS ***
Dealt to pipinoelbreve9 [6s 5d]
@RobarTevoy99: folds 
AnxoGM: folds 
jpvacas: raises €0.04 to €0.06
pipinoelbreve9: folds 
MDKristian: folds 
hugmega: folds 
Uncalled bet (€0.04) returned to jpvacas
jpvacas collected €0.05 from pot
jpvacas: doesn't show hand 
*** SUMMARY ***
Total pot €0.05 | Rake €0 
Seat 1: pipinoelbreve9 (button) folded before Flop (didn't bet)
Seat 2: MDKristian (small blind) folded before Flop
Seat 3: hugmega (big blind) folded before Flop
Seat 4: @RobarTevoy99 folded before Flop (didn't bet)
Seat 5: AnxoGM folded before Flop (didn't bet)
Seat 6: jpvacas collected (€0.05)



PokerStars Zoom Hand #257856499260:  Hold'em No Limit (€0.01/€0.02) - 2025/09/23 16:29:43 CET [2025/09/23 10:29:43 ET]
Table 'Arneb' 6-max Seat #1 is the button
Seat 1: DarthRose (€2.26 in chips) 
Seat 2: SMN242 (€2.36 in chips) 
Seat 3: MDKristian (€2.46 in chips) 
Seat 4: Fvieira1984 (€1.97 in chips) 
Seat 5: pipinoelbreve9 (€4.94 in chips) 
Seat 6: DavSnook (€2.64 in chips) 
SMN242: posts small blind €0.01
MDKristian: posts big blind €0.02
*** HOLE CARDS ***
Dealt to pipinoelbreve9 [7d Jc]
Fvieira1984: raises €0.05 to €0.07
pipinoelbreve9: folds 
DavSnook: folds 
DarthRose: folds 
SMN242: folds 
MDKristian: folds 
Uncalled bet (€0.05) returned to Fvieira1984
Fvieira1984 collected €0.05 from pot
Fvieira1984: doesn't show hand 
*** SUMMARY ***
Total pot €0.05 | Rake €0 
Seat 1: DarthRose (button) folded before Flop (didn't bet)
Seat 2: SMN242 (small blind) folded before Flop
Seat 3: MDKristian (big blind) folded before Flop
Seat 4: Fvieira1984 collected (€0.05)
Seat 5: pipinoelbreve9 folded before Flop (didn't bet)
Seat 6: DavSnook folded before Flop (didn't bet)



PokerStars Zoom Hand #257856496040:  Hold'em No Limit (€0.01/€0.02) - 2025/09/23 16:29:23 CET [2025/09/23 10:29:23 ET]
Table 'Arneb' 6-max Seat #1 is the button
Seat 1: odace15 (€2 in chips) 
Seat 2: barripoker3 (€2.11 in chips) 
Seat 3: pipinoelbreve9 (€4.97 in chips) 
Seat 4: ese lines (€1.51 in chips) 
Seat 5: aaronroxi (€2.10 in chips) 
Seat 6: DarthRose (€2 in chips) 
barripoker3: posts small blind €0.01
pipinoelbreve9: posts big blind €0.02
*** HOLE CARDS ***
Dealt to pipinoelbreve9 [3s 2c]
ese lines: folds 
aaronroxi: raises €0.04 to €0.06
DarthRose: raises €0.18 to €0.24
odace15: folds 
barripoker3: folds 
pipinoelbreve9: folds 
aaronroxi: raises €0.28 to €0.52
DarthRose: raises €1.48 to €2 and is all-in
aaronroxi: calls €1.48
*** FLOP *** [4c 8h 4d]
*** TURN *** [4c 8h 4d] [5h]
*** RIVER *** [4c 8h 4d 5h] [6h]
*** SHOW DOWN ***
aaronroxi: shows [Kd Ks] (two pair, Kings and Fours)
DarthRose: shows [Ad Ac] (two pair, Aces and Fours)
DarthRose collected €3.83 from pot
*** SUMMARY ***
Total pot €4.03 | Rake €0.20 
Board [4c 8h 4d 5h 6h]
Seat 1: odace15 (button) folded before Flop (didn't bet)
Seat 2: barripoker3 (small blind) folded before Flop
Seat 3: pipinoelbreve9 (big blind) folded before Flop
Seat 4: ese lines folded before Flop (didn't bet)
Seat 5: aaronroxi showed [Kd Ks] and lost with two pair, Kings and Fours
Seat 6: DarthRose showed [Ad Ac] and won (€3.83) with two pair, Aces and Fours



PokerStars Zoom Hand #257856495218:  Hold'em No Limit (€0.01/€0.02) - 2025/09/23 16:29:18 CET [2025/09/23 10:29:18 ET]
Table 'Arneb' 6-max Seat #1 is the button
Seat 1: hugmega (€3.14 in chips) 
Seat 2: @RobarTevoy99 (€2.58 in chips) 
Seat 3: barripoker3 (€2.38 in chips) 
Seat 4: pipinoelbreve9 (€4.97 in chips) 
Seat 5: freynaz (€1.90 in chips) 
Seat 6: DarthRose (€2.29 in chips) 
@RobarTevoy99: posts small blind €0.01
barripoker3: posts big blind €0.02
*** HOLE CARDS ***
Dealt to pipinoelbreve9 [8s 3s]
pipinoelbreve9: folds 
freynaz: raises €0.02 to €0.04
DarthRose: folds 
hugmega: folds 
@RobarTevoy99: folds 
barripoker3: calls €0.02
*** FLOP *** [8d 9c 8h]
barripoker3: checks 
freynaz: checks 
*** TURN *** [8d 9c 8h] [Jc]
barripoker3: checks 
freynaz: bets €0.05
barripoker3: calls €0.05
*** RIVER *** [8d 9c 8h Jc] [5c]
barripoker3: checks 
freynaz: bets €0.08
barripoker3: folds 
Uncalled bet (€0.08) returned to freynaz
freynaz collected €0.18 from pot
freynaz: doesn't show hand 
*** SUMMARY ***
Total pot €0.19 | Rake €0.01 
Board [8d 9c 8h Jc 5c]
Seat 1: hugmega (button) folded before Flop (didn't bet)
Seat 2: @RobarTevoy99 (small blind) folded before Flop
Seat 3: barripoker3 (big blind) folded on the River
Seat 4: pipinoelbreve9 folded before Flop (didn't bet)
Seat 5: freynaz collected (€0.18)
Seat 6: DarthRose folded before Flop (didn't bet)



PokerStars Zoom Hand #257856501218:  Hold'em No Limit (€0.01/€0.02) - 2025/09/23 16:29:56 CET [2025/09/23 10:29:56 ET]
Table 'Arneb' 6-max Seat #1 is the button
Seat 1: Tomashs1970 (€1 in chips) 
Seat 2: DavSnook (€2.64 in chips) 
Seat 3: Nescoe (€4.58 in chips) 
Seat 4: pipinoelbreve9 (€4.94 in chips) 
Seat 5: LittleVerole (€2.09 in chips) 
Seat 6: MDKristian (€2.21 in chips) 
DavSnook: posts small blind €0.01
Nescoe: posts big blind €0.02
*** HOLE CARDS ***
Dealt to pipinoelbreve9 [6h 4h]
pipinoelbreve9: folds 
LittleVerole: folds 
MDKristian: folds 
Tomashs1970: folds 
DavSnook: folds 
Uncalled bet (€0.01) returned to Nescoe
Nescoe collected €0.02 from pot
Nescoe: doesn't show hand 
*** SUMMARY ***
Total pot €0.02 | Rake €0 
Seat 1: Tomashs1970 (button) folded before Flop (didn't bet)
Seat 2: DavSnook (small blind) folded before Flop
Seat 3: Nescoe (big blind) collected (€0.02)
Seat 4: pipinoelbreve9 folded before Flop (didn't bet)
Seat 5: LittleVerole folded before Flop (didn't bet)
Seat 6: MDKristian folded before Flop (didn't bet)



PokerStars Zoom Hand #257856500107:  Hold'em No Limit (€0.01/€0.02) - 2025/09/23 16:29:49 CET [2025/09/23 10:29:49 ET]
Table 'Arneb' 6-max Seat #1 is the button
Seat 1: SMN242 (€2.35 in chips) 
Seat 2: sukocash (€3.01 in chips) 
Seat 3: barripoker3 (€2.10 in chips) 
Seat 4: pucelay.29 (€1.45 in chips) 
Seat 5: @RobarTevoy99 (€2.58 in chips) 
Seat 6: pipinoelbreve9 (€4.94 in chips) 
sukocash: posts small blind €0.01
barripoker3: posts big blind €0.02
*** HOLE CARDS ***
Dealt to pipinoelbreve9 [8c 5c]
pucelay.29: folds 
@RobarTevoy99: folds 
pipinoelbreve9: folds 
SMN242: raises €0.03 to €0.05
sukocash: folds 
barripoker3: calls €0.03
*** FLOP *** [6s 5h Js]
barripoker3: checks 
SMN242: bets €0.05
barripoker3: folds 
Uncalled bet (€0.05) returned to SMN242
SMN242 collected €0.10 from pot
SMN242: doesn't show hand 
*** SUMMARY ***
Total pot €0.11 | Rake €0.01 
Board [6s 5h Js]
Seat 1: SMN242 (button) collected (€0.10)
Seat 2: sukocash (small blind) folded before Flop
Seat 3: barripoker3 (big blind) folded on the Flop
Seat 4: pucelay.29 folded before Flop (didn't bet)
Seat 5: @RobarTevoy99 folded before Flop (didn't bet)
Seat 6: pipinoelbreve9 folded before Flop (didn't bet)



PokerStars Zoom Hand #257856503075:  Hold'em No Limit (€0.01/€0.02) - 2025/09/23 16:30:07 CET [2025/09/23 10:30:07 ET]
Table 'Arneb' 6-max Seat #1 is the button
Seat 1: 34pluto (€1.63 in chips) 
Seat 2: @RobarTevoy99 (€2.58 in chips) 
Seat 3: pipinoelbreve9 (€4.94 in chips) 
Seat 4: Fvieira1984 (€2 in chips) 
Seat 5: DarthRose (€3.83 in chips) 
Seat 6: odace15 (€2.11 in chips) 
@RobarTevoy99: posts small blind €0.01
pipinoelbreve9: posts big blind €0.02
*** HOLE CARDS ***
Dealt to pipinoelbreve9 [Ac Th]
Fvieira1984: raises €0.05 to €0.07
DarthRose: folds 
odace15: folds 
34pluto: folds 
@RobarTevoy99: folds 
pipinoelbreve9: calls €0.05
*** FLOP *** [Js Jd 8s]
pipinoelbreve9: checks 
Fvieira1984: bets €0.06
pipinoelbreve9: folds 
Uncalled bet (€0.06) returned to Fvieira1984
Fvieira1984 collected €0.14 from pot
Fvieira1984: doesn't show hand 
*** SUMMARY ***
Total pot €0.15 | Rake €0.01 
Board [Js Jd 8s]
Seat 1: 34pluto (button) folded before Flop (didn't bet)
Seat 2: @RobarTevoy99 (small blind) folded before Flop
Seat 3: pipinoelbreve9 (big blind) folded on the Flop
Seat 4: Fvieira1984 collected (€0.14)
Seat 5: DarthRose folded before Flop (didn't bet)
Seat 6: odace15 folded before Flop (didn't bet)



PokerStars Zoom Hand #257856508294:  Hold'em No Limit (€0.01/€0.02) - 2025/09/23 16:30:40 CET [2025/09/23 10:30:40 ET]
Table 'Arneb' 6-max Seat #1 is the button
Seat 1: pipinoelbreve9 (€4.87 in chips) 
Seat 2: tonid00kie (€1.30 in chips) 
Seat 3: Fvieira1984 (€2.07 in chips) 
Seat 4: Siddharta33 (€2.20 in chips) 
Seat 5: DavSnook (€0.56 in chips) 
Seat 6: LittleVerole (€0.68 in chips) 
tonid00kie: posts small blind €0.01
Fvieira1984: posts big blind €0.02
*** HOLE CARDS ***
Dealt to pipinoelbreve9 [Th Td]
Siddharta33: folds 
DavSnook: folds 
LittleVerole: folds 
pipinoelbreve9: raises €0.04 to €0.06
tonid00kie: folds 
Fvieira1984: calls €0.04
*** FLOP *** [2c 2h 3s]
Fvieira1984: checks 
pipinoelbreve9: bets €0.06
Fvieira1984: folds 
Uncalled bet (€0.06) returned to pipinoelbreve9
pipinoelbreve9 collected €0.12 from pot
pipinoelbreve9: doesn't show hand 
*** SUMMARY ***
Total pot €0.13 | Rake €0.01 
Board [2c 2h 3s]
Seat 1: pipinoelbreve9 (button) collected (€0.12)
Seat 2: tonid00kie (small blind) folded before Flop
Seat 3: Fvieira1984 (big blind) folded on the Flop
Seat 4: Siddharta33 folded before Flop (didn't bet)
Seat 5: DavSnook folded before Flop (didn't bet)
Seat 6: LittleVerole folded before Flop (didn't bet)



PokerStars Zoom Hand #257856515856:  Hold'em No Limit (€0.01/€0.02) - 2025/09/23 16:31:27 CET [2025/09/23 10:31:27 ET]
Table 'Arneb' 6-max Seat #1 is the button
Seat 1: szyman-pablo (€0.60 in chips) 
Seat 2: pipinoelbreve9 (€4.93 in chips) 
Seat 3: jpvacas (€2.39 in chips) 
Seat 4: Isbut (€2.69 in chips) 
Seat 5: paul20025 (€2.73 in chips) 
Seat 6: Nescoe (€5.22 in chips) 
pipinoelbreve9: posts small blind €0.01
jpvacas: posts big blind €0.02
*** HOLE CARDS ***
Dealt to pipinoelbreve9 [4s 4d]
Isbut: folds 
paul20025: folds 
Nescoe: folds 
szyman-pablo: folds 
pipinoelbreve9: raises €0.04 to €0.06
jpvacas: folds 
Uncalled bet (€0.04) returned to pipinoelbreve9
pipinoelbreve9 collected €0.04 from pot
pipinoelbreve9: doesn't show hand 
*** SUMMARY ***
Total pot €0.04 | Rake €0 
Seat 1: szyman-pablo (button) folded before Flop (didn't bet)
Seat 2: pipinoelbreve9 (small blind) collected (€0.04)
Seat 3: jpvacas (big blind) folded before Flop
Seat 4: Isbut folded before Flop (didn't bet)
Seat 5: paul20025 folded before Flop (didn't bet)
Seat 6: Nescoe folded before Flop (didn't bet)



PokerStars Zoom Hand #257856519074:  Hold'em No Limit (€0.01/€0.02) - 2025/09/23 16:31:47 CET [2025/09/23 10:31:47 ET]
Table 'Arneb' 6-max Seat #1 is the button
Seat 1: SFT17 (€2.05 in chips) 
Seat 2: sukocash (€2 in chips) 
Seat 3: Siddharta33 (€1 in chips) 
Seat 4: DavSnook (€2.66 in chips) 
Seat 5: tonid00kie (€1.26 in chips) 
Seat 6: pipinoelbreve9 (€4.95 in chips) 
sukocash: posts small blind €0.01
Siddharta33: posts big blind €0.02
*** HOLE CARDS ***
Dealt to pipinoelbreve9 [6d Jh]
DavSnook: folds 
tonid00kie: folds 
pipinoelbreve9: folds 
SFT17: folds 
sukocash: raises €0.03 to €0.05
Siddharta33: folds 
Uncalled bet (€0.03) returned to sukocash
sukocash collected €0.04 from pot
sukocash: doesn't show hand 
*** SUMMARY ***
Total pot €0.04 | Rake €0 
Seat 1: SFT17 (button) folded before Flop (didn't bet)
Seat 2: sukocash (small blind) collected (€0.04)
Seat 3: Siddharta33 (big blind) folded before Flop
Seat 4: DavSnook folded before Flop (didn't bet)
Seat 5: tonid00kie folded before Flop (didn't bet)
Seat 6: pipinoelbreve9 folded before Flop (didn't bet)



PokerStars Zoom Hand #257856519867:  Hold'em No Limit (€0.01/€0.02) - 2025/09/23 16:31:52 CET [2025/09/23 10:31:52 ET]
Table 'Arneb' 6-max Seat #1 is the button
Seat 1: guizzado16 (€1.75 in chips) 
Seat 2: MDKristian (€2.19 in chips) 
Seat 3: pipinoelbreve9 (€4.95 in chips) 
Seat 4: zhouweiyi888 (€3.35 in chips) 
Seat 5: pucelay.29 (€2.30 in chips) 
Seat 6: hugmega (€2.51 in chips) 
MDKristian: posts small blind €0.01
pipinoelbreve9: posts big blind €0.02
*** HOLE CARDS ***
Dealt to pipinoelbreve9 [9s 5d]
zhouweiyi888: raises €0.03 to €0.05
pucelay.29: folds 
hugmega: folds 
guizzado16: folds 
MDKristian: folds 
pipinoelbreve9: folds 
Uncalled bet (€0.03) returned to zhouweiyi888
zhouweiyi888 collected €0.05 from pot
zhouweiyi888: doesn't show hand 
*** SUMMARY ***
Total pot €0.05 | Rake €0 
Seat 1: guizzado16 (button) folded before Flop (didn't bet)
Seat 2: MDKristian (small blind) folded before Flop
Seat 3: pipinoelbreve9 (big blind) folded before Flop
Seat 4: zhouweiyi888 collected (€0.05)
Seat 5: pucelay.29 folded before Flop (didn't bet)
Seat 6: hugmega folded before Flop (didn't bet)



PokerStars Zoom Hand #257856518032:  Hold'em No Limit (€0.01/€0.02) - 2025/09/23 16:31:41 CET [2025/09/23 10:31:41 ET]
Table 'Arneb' 6-max Seat #1 is the button
Seat 1: martine4839 (€2.23 in chips) 
Seat 2: Nescoe (€4.81 in chips) 
Seat 3: Franxia (€2.02 in chips) 
Seat 4: 34pluto (€1.53 in chips) 
Seat 5: pipinoelbreve9 (€4.95 in chips) 
Seat 6: johnmitchon (€1.73 in chips) 
Nescoe: posts small blind €0.01
Franxia: posts big blind €0.02
*** HOLE CARDS ***
Dealt to pipinoelbreve9 [7d As]
34pluto: calls €0.02
pipinoelbreve9: folds 
johnmitchon: raises €0.04 to €0.06
martine4839: folds 
Nescoe: folds 
Franxia: folds 
34pluto: calls €0.04
*** FLOP *** [Ah 3s Ac]
34pluto: checks 
johnmitchon: checks 
*** TURN *** [Ah 3s Ac] [9s]
34pluto: checks 
johnmitchon: checks 
*** RIVER *** [Ah 3s Ac 9s] [Kc]
34pluto: checks 
johnmitchon: checks 
*** SHOW DOWN ***
34pluto: shows [Ts Qs] (a pair of Aces)
johnmitchon: shows [Th Td] (two pair, Aces and Tens)
johnmitchon collected €0.14 from pot
*** SUMMARY ***
Total pot €0.15 | Rake €0.01 
Board [Ah 3s Ac 9s Kc]
Seat 1: martine4839 (button) folded before Flop (didn't bet)
Seat 2: Nescoe (small blind) folded before Flop
Seat 3: Franxia (big blind) folded before Flop
Seat 4: 34pluto showed [Ts Qs] and lost with a pair of Aces
Seat 5: pipinoelbreve9 folded before Flop (didn't bet)
Seat 6: johnmitchon showed [Th Td] and won (€0.14) with two pair, Aces and Tens



PokerStars Zoom Hand #257856520844:  Hold'em No Limit (€0.01/€0.02) - 2025/09/23 16:31:58 CET [2025/09/23 10:31:58 ET]
Table 'Arneb' 6-max Seat #1 is the button
Seat 1: AnxoGM (€4.99 in chips) 
Seat 2: pipinoelbreve9 (€4.93 in chips) 
Seat 3: LilAnyel (€2.03 in chips) 
Seat 4: Bfree01 (€2.13 in chips) 
Seat 5: sukocash (€2.02 in chips) 
Seat 6: MDKristian (€2.18 in chips) 
pipinoelbreve9: posts small blind €0.01
LilAnyel: posts big blind €0.02
*** HOLE CARDS ***
Dealt to pipinoelbreve9 [8c Kh]
Bfree01: folds 
sukocash: raises €0.03 to €0.05
MDKristian: raises €0.10 to €0.15
AnxoGM: raises €0.28 to €0.43
pipinoelbreve9: folds 
LilAnyel: folds 
sukocash: folds 
MDKristian: folds 
Uncalled bet (€0.28) returned to AnxoGM
AnxoGM collected €0.38 from pot
AnxoGM: doesn't show hand 
*** SUMMARY ***
Total pot €0.38 | Rake €0 
Seat 1: AnxoGM (button) collected (€0.38)
Seat 2: pipinoelbreve9 (small blind) folded before Flop
Seat 3: LilAnyel (big blind) folded before Flop
Seat 4: Bfree01 folded before Flop (didn't bet)
Seat 5: sukocash folded before Flop
Seat 6: MDKristian folded before Flop



PokerStars Zoom Hand #257856522509:  Hold'em No Limit (€0.01/€0.02) - 2025/09/23 16:32:09 CET [2025/09/23 10:32:09 ET]
Table 'Arneb' 6-max Seat #1 is the button
Seat 1: LilAnyel (€2.01 in chips) 
Seat 2: jpvacas (€2.40 in chips) 
Seat 3: LittleVerole (€1.74 in chips) 
Seat 4: @RobarTevoy99 (€2.32 in chips) 
Seat 5: pipinoelbreve9 (€4.92 in chips) 
Seat 6: Franxia (€2 in chips) 
jpvacas: posts small blind €0.01
LittleVerole: posts big blind €0.02
*** HOLE CARDS ***
Dealt to pipinoelbreve9 [7c Qh]
@RobarTevoy99: folds 
pipinoelbreve9: folds 
Franxia: folds 
LilAnyel: folds 
jpvacas: folds 
Uncalled bet (€0.01) returned to LittleVerole
LittleVerole collected €0.02 from pot
LittleVerole: doesn't show hand 
*** SUMMARY ***
Total pot €0.02 | Rake €0 
Seat 1: LilAnyel (button) folded before Flop (didn't bet)
Seat 2: jpvacas (small blind) folded before Flop
Seat 3: LittleVerole (big blind) collected (€0.02)
Seat 4: @RobarTevoy99 folded before Flop (didn't bet)
Seat 5: pipinoelbreve9 folded before Flop (didn't bet)
Seat 6: Franxia folded before Flop (didn't bet)



PokerStars Zoom Hand #257856524366:  Hold'em No Limit (€0.01/€0.02) - 2025/09/23 16:32:20 CET [2025/09/23 10:32:20 ET]
Table 'Arneb' 6-max Seat #1 is the button
Seat 1: gateunas (€1 in chips) 
Seat 2: SFT17 (€2.03 in chips) 
Seat 3: guizzado16 (€1.75 in chips) 
Seat 4: pipinoelbreve9 (€4.92 in chips) 
Seat 5: Nescoe (€4.81 in chips) 
Seat 6: MDKristian (€2.19 in chips) 
SFT17: posts small blind €0.01
guizzado16: posts big blind €0.02
*** HOLE CARDS ***
Dealt to pipinoelbreve9 [Qs Jd]
pipinoelbreve9: raises €0.04 to €0.06
Nescoe: calls €0.06
MDKristian: folds 
gateunas: folds 
SFT17: raises €0.18 to €0.24
guizzado16: folds 
pipinoelbreve9: folds 
Nescoe: calls €0.18
*** FLOP *** [6d 2c As]
SFT17: bets €0.17
Nescoe: calls €0.17
*** TURN *** [6d 2c As] [Js]
SFT17: checks 
Nescoe: checks 
*** RIVER *** [6d 2c As Js] [Qc]
SFT17: checks 
Nescoe: bets €0.68
SFT17: folds 
Uncalled bet (€0.68) returned to Nescoe
Nescoe collected €0.86 from pot
Nescoe: doesn't show hand 
*** SUMMARY ***
Total pot €0.90 | Rake €0.04 
Board [6d 2c As Js Qc]
Seat 1: gateunas (button) folded before Flop (didn't bet)
Seat 2: SFT17 (small blind) folded on the River
Seat 3: guizzado16 (big blind) folded before Flop
Seat 4: pipinoelbreve9 folded before Flop
Seat 5: Nescoe collected (€0.86)
Seat 6: MDKristian folded before Flop (didn't bet)



PokerStars Zoom Hand #257856529610:  Hold'em No Limit (€0.01/€0.02) - 2025/09/23 16:32:53 CET [2025/09/23 10:32:53 ET]
Table 'Arneb' 6-max Seat #1 is the button
Seat 1: freynaz (€3.93 in chips) 
Seat 2: kaou35 (€1.19 in chips) 
Seat 3: plaza 222 (€0.63 in chips) 
Seat 4: pipinoelbreve9 (€4.86 in chips) 
Seat 5: pucelay.29 (€1.30 in chips) 
Seat 6: 34pluto (€2.05 in chips) 
kaou35: posts small blind €0.01
plaza 222: posts big blind €0.02
*** HOLE CARDS ***
Dealt to pipinoelbreve9 [5h 8c]
pipinoelbreve9: folds 
pucelay.29: folds 
34pluto: folds 
freynaz: folds 
kaou35: folds 
Uncalled bet (€0.01) returned to plaza 222
plaza 222 collected €0.02 from pot
plaza 222: doesn't show hand 
*** SUMMARY ***
Total pot €0.02 | Rake €0 
Seat 1: freynaz (button) folded before Flop (didn't bet)
Seat 2: kaou35 (small blind) folded before Flop
Seat 3: plaza 222 (big blind) collected (€0.02)
Seat 4: pipinoelbreve9 folded before Flop (didn't bet)
Seat 5: pucelay.29 folded before Flop (didn't bet)
Seat 6: 34pluto folded before Flop (didn't bet)



PokerStars Zoom Hand #257856527742:  Hold'em No Limit (€0.01/€0.02) - 2025/09/23 16:32:42 CET [2025/09/23 10:32:42 ET]
Table 'Arneb' 6-max Seat #1 is the button
Seat 1: kaou35 (€2.24 in chips) 
Seat 2: LittleVerole (€2.06 in chips) 
Seat 3: zhouweiyi888 (€3.40 in chips) 
Seat 4: guizzado16 (€1.72 in chips) 
Seat 5: xhadd (€1.79 in chips) 
Seat 6: pipinoelbreve9 (€4.86 in chips) 
LittleVerole: posts small blind €0.01
zhouweiyi888: posts big blind €0.02
*** HOLE CARDS ***
Dealt to pipinoelbreve9 [Td 3c]
guizzado16: folds 
xhadd: folds 
pipinoelbreve9: folds 
kaou35: raises €0.05 to €0.07
LittleVerole: calls €0.06
zhouweiyi888: folds 
*** FLOP *** [8h 8s Ts]
LittleVerole: checks 
kaou35: checks 
*** TURN *** [8h 8s Ts] [4s]
LittleVerole: checks 
kaou35: bets €0.13
LittleVerole: folds 
Uncalled bet (€0.13) returned to kaou35
kaou35 collected €0.15 from pot
kaou35: doesn't show hand 
*** SUMMARY ***
Total pot €0.16 | Rake €0.01 
Board [8h 8s Ts 4s]
Seat 1: kaou35 (button) collected (€0.15)
Seat 2: LittleVerole (small blind) folded on the Turn
Seat 3: zhouweiyi888 (big blind) folded before Flop
Seat 4: guizzado16 folded before Flop (didn't bet)
Seat 5: xhadd folded before Flop (didn't bet)
Seat 6: pipinoelbreve9 folded before Flop (didn't bet)



PokerStars Zoom Hand #257856530519:  Hold'em No Limit (€0.01/€0.02) - 2025/09/23 16:32:59 CET [2025/09/23 10:32:59 ET]
Table 'Arneb' 6-max Seat #1 is the button
Seat 1: Franxia (€2 in chips) 
Seat 2: more457 (€1.61 in chips) 
Seat 3: pipinoelbreve9 (€4.86 in chips) 
Seat 4: santiago_nardiz (€2.26 in chips) 
Seat 5: jpvacas (€2.37 in chips) 
Seat 6: @RobarTevoy99 (€1.81 in chips) 
more457: posts small blind €0.01
pipinoelbreve9: posts big blind €0.02
*** HOLE CARDS ***
Dealt to pipinoelbreve9 [8d 8s]
santiago_nardiz: folds 
jpvacas: folds 
@RobarTevoy99: folds 
Franxia: folds 
more457: raises €0.02 to €0.04
pipinoelbreve9: raises €0.10 to €0.14
more457: folds 
Uncalled bet (€0.10) returned to pipinoelbreve9
pipinoelbreve9 collected €0.08 from pot
pipinoelbreve9: doesn't show hand 
*** SUMMARY ***
Total pot €0.08 | Rake €0 
Seat 1: Franxia (button) folded before Flop (didn't bet)
Seat 2: more457 (small blind) folded before Flop
Seat 3: pipinoelbreve9 (big blind) collected (€0.08)
Seat 4: santiago_nardiz folded before Flop (didn't bet)
Seat 5: jpvacas folded before Flop (didn't bet)
Seat 6: @RobarTevoy99 folded before Flop (didn't bet)



PokerStars Zoom Hand #257856528561:  Hold'em No Limit (€0.01/€0.02) - 2025/09/23 16:32:47 CET [2025/09/23 10:32:47 ET]
Table 'Arneb' 6-max Seat #1 is the button
Seat 1: pipinoelbreve9 (€4.86 in chips) 
Seat 2: @RobarTevoy99 (€1.82 in chips) 
Seat 3: Bfree01 (€2.01 in chips) 
Seat 4: pucelay.29 (€1.30 in chips) 
Seat 5: tonid00kie (€1.18 in chips) 
Seat 6: plaza 222 (€0.63 in chips) 
@RobarTevoy99: posts small blind €0.01
Bfree01: posts big blind €0.02
*** HOLE CARDS ***
Dealt to pipinoelbreve9 [4h Ks]
pucelay.29: folds 
tonid00kie: raises €0.04 to €0.06
plaza 222: folds 
pipinoelbreve9: folds 
@RobarTevoy99: folds 
Bfree01: calls €0.04
*** FLOP *** [2s 5h 7d]
Bfree01: bets €0.12
tonid00kie: raises €0.26 to €0.38
Bfree01: calls €0.26
*** TURN *** [2s 5h 7d] [8s]
Bfree01: checks 
tonid00kie: checks 
*** RIVER *** [2s 5h 7d 8s] [7s]
Bfree01: bets €0.25
tonid00kie: raises €0.49 to €0.74 and is all-in
Bfree01: calls €0.49
*** SHOW DOWN ***
tonid00kie: shows [Qh Qs] (two pair, Queens and Sevens)
Bfree01: shows [Qc Qd] (two pair, Queens and Sevens)
Bfree01 collected €1.13 from pot
tonid00kie collected €1.12 from pot
*** SUMMARY ***
Total pot €2.37 | Rake €0.12 
Board [2s 5h 7d 8s 7s]
Seat 1: pipinoelbreve9 (button) folded before Flop (didn't bet)
Seat 2: @RobarTevoy99 (small blind) folded before Flop
Seat 3: Bfree01 (big blind) showed [Qc Qd] and won (€1.13) with two pair, Queens and Sevens
Seat 4: pucelay.29 folded before Flop (didn't bet)
Seat 5: tonid00kie showed [Qh Qs] and won (€1.12) with two pair, Queens and Sevens
Seat 6: plaza 222 folded before Flop (didn't bet)



PokerStars Zoom Hand #257856534631:  Hold'em No Limit (€0.01/€0.02) - 2025/09/23 16:33:25 CET [2025/09/23 10:33:25 ET]
Table 'Arneb' 6-max Seat #1 is the button
Seat 1: DavSnook (€0.83 in chips) 
Seat 2: pipinoelbreve9 (€4.90 in chips) 
Seat 3: jeannono24 (€2.11 in chips) 
Seat 4: kaou35 (€1.99 in chips) 
Seat 5: Siddharta33 (€2.01 in chips) 
Seat 6: Nescoe (€5.25 in chips) 
pipinoelbreve9: posts small blind €0.01
jeannono24: posts big blind €0.02
*** HOLE CARDS ***
Dealt to pipinoelbreve9 [Jd 3c]
kaou35: folds 
Siddharta33: folds 
Nescoe: folds 
DavSnook: raises €0.05 to €0.07
pipinoelbreve9: folds 
jeannono24: folds 
Uncalled bet (€0.05) returned to DavSnook
DavSnook collected €0.05 from pot
DavSnook: doesn't show hand 
*** SUMMARY ***
Total pot €0.05 | Rake €0 
Seat 1: DavSnook (button) collected (€0.05)
Seat 2: pipinoelbreve9 (small blind) folded before Flop
Seat 3: jeannono24 (big blind) folded before Flop
Seat 4: kaou35 folded before Flop (didn't bet)
Seat 5: Siddharta33 folded before Flop (didn't bet)
Seat 6: Nescoe folded before Flop (didn't bet)



PokerStars Zoom Hand #257856533961:  Hold'em No Limit (€0.01/€0.02) - 2025/09/23 16:33:21 CET [2025/09/23 10:33:21 ET]
Table 'Arneb' 6-max Seat #1 is the button
Seat 1: Nescoe (€5.25 in chips) 
Seat 2: LilAnyel (€2.03 in chips) 
Seat 3: LOBICHISIMO (€4.63 in chips) 
Seat 4: Marcosmat99 (€2 in chips) 
Seat 5: pipinoelbreve9 (€4.90 in chips) 
Seat 6: jpvacas (€2 in chips) 
LilAnyel: posts small blind €0.01
LOBICHISIMO: posts big blind €0.02
*** HOLE CARDS ***
Dealt to pipinoelbreve9 [As 6c]
Marcosmat99: raises €0.03 to €0.05
pipinoelbreve9: folds 
jpvacas: folds 
Nescoe: folds 
LilAnyel: folds 
LOBICHISIMO: calls €0.03
*** FLOP *** [Jh Qc 3c]
LOBICHISIMO: checks 
Marcosmat99: bets €0.03
LOBICHISIMO: folds 
Uncalled bet (€0.03) returned to Marcosmat99
Marcosmat99 collected €0.10 from pot
Marcosmat99: doesn't show hand 
*** SUMMARY ***
Total pot €0.11 | Rake €0.01 
Board [Jh Qc 3c]
Seat 1: Nescoe (button) folded before Flop (didn't bet)
Seat 2: LilAnyel (small blind) folded before Flop
Seat 3: LOBICHISIMO (big blind) folded on the Flop
Seat 4: Marcosmat99 collected (€0.10)
Seat 5: pipinoelbreve9 folded before Flop (didn't bet)
Seat 6: jpvacas folded before Flop (didn't bet)



PokerStars Zoom Hand #257856535066:  Hold'em No Limit (€0.01/€0.02) - 2025/09/23 16:33:28 CET [2025/09/23 10:33:28 ET]
Table 'Arneb' 6-max Seat #1 is the button
Seat 1: pipinoelbreve9 (€4.89 in chips) 
Seat 2: AnxoGM (€5.28 in chips) 
Seat 3: LittleVerole (€1.70 in chips) 
Seat 4: granotilla1 (€2.94 in chips) 
Seat 5: Pispireta465 (€1.04 in chips) 
Seat 6: bluffynuts (€1.60 in chips) 
AnxoGM: posts small blind €0.01
LittleVerole: posts big blind €0.02
*** HOLE CARDS ***
Dealt to pipinoelbreve9 [Jc Jd]
granotilla1: folds 
Pispireta465: calls €0.02
bluffynuts: calls €0.02
pipinoelbreve9: raises €0.08 to €0.10
AnxoGM: folds 
LittleVerole: folds 
Pispireta465: calls €0.08
bluffynuts: folds 
*** FLOP *** [Qs 6d 3c]
Pispireta465: checks 
pipinoelbreve9: bets €0.08
Pispireta465: calls €0.08
*** TURN *** [Qs 6d 3c] [2h]
Pispireta465: checks 
pipinoelbreve9: bets €0.26
Pispireta465: folds 
Uncalled bet (€0.26) returned to pipinoelbreve9
pipinoelbreve9 collected €0.39 from pot
pipinoelbreve9: doesn't show hand 
*** SUMMARY ***
Total pot €0.41 | Rake €0.02 
Board [Qs 6d 3c 2h]
Seat 1: pipinoelbreve9 (button) collected (€0.39)
Seat 2: AnxoGM (small blind) folded before Flop
Seat 3: LittleVerole (big blind) folded before Flop
Seat 4: granotilla1 folded before Flop (didn't bet)
Seat 5: Pispireta465 folded on the Turn
Seat 6: bluffynuts folded before Flop



PokerStars Zoom Hand #257856541873:  Hold'em No Limit (€0.01/€0.02) - 2025/09/23 16:34:10 CET [2025/09/23 10:34:10 ET]
Table 'Arneb' 6-max Seat #1 is the button
Seat 1: bluffynuts (€1.55 in chips) 
Seat 2: @RobarTevoy99 (€1.76 in chips) 
Seat 3: jeannono24 (€2.16 in chips) 
Seat 4: roilo123 (€2.01 in chips) 
Seat 5: pipinoelbreve9 (€5.10 in chips) 
Seat 6: AnxoGM (€5.21 in chips) 
@RobarTevoy99: posts small blind €0.01
jeannono24: posts big blind €0.02
*** HOLE CARDS ***
Dealt to pipinoelbreve9 [9s 3s]
roilo123: raises €0.04 to €0.06
pipinoelbreve9: folds 
AnxoGM: folds 
bluffynuts: folds 
@RobarTevoy99: folds 
jeannono24: folds 
Uncalled bet (€0.04) returned to roilo123
roilo123 collected €0.05 from pot
roilo123: doesn't show hand 
*** SUMMARY ***
Total pot €0.05 | Rake €0 
Seat 1: bluffynuts (button) folded before Flop (didn't bet)
Seat 2: @RobarTevoy99 (small blind) folded before Flop
Seat 3: jeannono24 (big blind) folded before Flop
Seat 4: roilo123 collected (€0.05)
Seat 5: pipinoelbreve9 folded before Flop (didn't bet)
Seat 6: AnxoGM folded before Flop (didn't bet)



PokerStars Zoom Hand #257856542403:  Hold'em No Limit (€0.01/€0.02) - 2025/09/23 16:34:13 CET [2025/09/23 10:34:13 ET]
Table 'Arneb' 6-max Seat #1 is the button
Seat 1: zhouweiyi888 (€5.28 in chips) 
Seat 2: MDKristian (€2 in chips) 
Seat 3: Pispireta465 (€0.86 in chips) 
Seat 4: Nescoe (€4.30 in chips) 
Seat 5: Vannezinho (€1.40 in chips) 
Seat 6: pipinoelbreve9 (€5.10 in chips) 
MDKristian: posts small blind €0.01
Pispireta465: posts big blind €0.02
*** HOLE CARDS ***
Dealt to pipinoelbreve9 [Qh Jd]
Nescoe: folds 
Vannezinho: folds 
pipinoelbreve9: raises €0.04 to €0.06
zhouweiyi888: folds 
MDKristian: folds 
Pispireta465: calls €0.04
*** FLOP *** [4s 6c 4h]
Pispireta465: checks 
pipinoelbreve9: checks 
*** TURN *** [4s 6c 4h] [2c]
Pispireta465: checks 
pipinoelbreve9: checks 
*** RIVER *** [4s 6c 4h 2c] [5c]
Pispireta465: checks 
pipinoelbreve9: checks 
*** SHOW DOWN ***
Pispireta465: shows [Qd Th] (a pair of Fours)
pipinoelbreve9: shows [Qh Jd] (a pair of Fours - Queen+Jack kicker)
pipinoelbreve9 collected €0.12 from pot
*** SUMMARY ***
Total pot €0.13 | Rake €0.01 
Board [4s 6c 4h 2c 5c]
Seat 1: zhouweiyi888 (button) folded before Flop (didn't bet)
Seat 2: MDKristian (small blind) folded before Flop
Seat 3: Pispireta465 (big blind) showed [Qd Th] and lost with a pair of Fours
Seat 4: Nescoe folded before Flop (didn't bet)
Seat 5: Vannezinho folded before Flop (didn't bet)
Seat 6: pipinoelbreve9 showed [Qh Jd] and won (€0.12) with a pair of Fours



PokerStars Zoom Hand #257856546808:  Hold'em No Limit (€0.01/€0.02) - 2025/09/23 16:34:41 CET [2025/09/23 10:34:41 ET]
Table 'Arneb' 6-max Seat #1 is the button
Seat 1: freynaz (€3.86 in chips) 
Seat 2: jeannono24 (€2.22 in chips) 
Seat 3: pipinoelbreve9 (€5.16 in chips) 
Seat 4: felidor88 (€2.01 in chips) 
Seat 5: kaou35 (€2.02 in chips) 
Seat 6: tonid00kie (€1.06 in chips) 
jeannono24: posts small blind €0.01
pipinoelbreve9: posts big blind €0.02
*** HOLE CARDS ***
Dealt to pipinoelbreve9 [Kd Js]
felidor88: folds 
kaou35: raises €0.05 to €0.07
tonid00kie: raises €0.07 to €0.14
freynaz: folds 
jeannono24: folds 
pipinoelbreve9: folds 
kaou35: folds 
Uncalled bet (€0.07) returned to tonid00kie
tonid00kie collected €0.17 from pot
tonid00kie: doesn't show hand 
*** SUMMARY ***
Total pot €0.17 | Rake €0 
Seat 1: freynaz (button) folded before Flop (didn't bet)
Seat 2: jeannono24 (small blind) folded before Flop
Seat 3: pipinoelbreve9 (big blind) folded before Flop
Seat 4: felidor88 folded before Flop (didn't bet)
Seat 5: kaou35 folded before Flop
Seat 6: tonid00kie collected (€0.17)



PokerStars Zoom Hand #257856549461:  Hold'em No Limit (€0.01/€0.02) - 2025/09/23 16:34:57 CET [2025/09/23 10:34:57 ET]
Table 'Arneb' 6-max Seat #1 is the button
Seat 1: Nescoe (€5.20 in chips) 
Seat 2: pipinoelbreve9 (€5.14 in chips) 
Seat 3: freynaz (€3.86 in chips) 
Seat 4: pucelay.29 (€2.90 in chips) 
Seat 5: mamieyoyo (€0.83 in chips) 
Seat 6: jeannono24 (€2.16 in chips) 
pipinoelbreve9: posts small blind €0.01
freynaz: posts big blind €0.02
*** HOLE CARDS ***
Dealt to pipinoelbreve9 [4h 4d]
pucelay.29 has timed out
pucelay.29: folds 
mamieyoyo: folds 
jeannono24: raises €0.03 to €0.05
Nescoe: raises €0.11 to €0.16
pipinoelbreve9: calls €0.15
freynaz: folds 
jeannono24: calls €0.11
*** FLOP *** [2d 8s 7h]
pipinoelbreve9: checks 
jeannono24: checks 
Nescoe: bets €0.16
pipinoelbreve9: folds 
jeannono24: raises €0.40 to €0.56
Nescoe: folds 
Uncalled bet (€0.40) returned to jeannono24
jeannono24 collected €0.78 from pot
jeannono24: doesn't show hand 
*** SUMMARY ***
Total pot €0.82 | Rake €0.04 
Board [2d 8s 7h]
Seat 1: Nescoe (button) folded on the Flop
Seat 2: pipinoelbreve9 (small blind) folded on the Flop
Seat 3: freynaz (big blind) folded before Flop
Seat 4: pucelay.29 folded before Flop (didn't bet)
Seat 5: mamieyoyo folded before Flop (didn't bet)
Seat 6: jeannono24 collected (€0.78)



PokerStars Zoom Hand #257856558219:  Hold'em No Limit (€0.01/€0.02) - 2025/09/23 16:35:52 CET [2025/09/23 10:35:52 ET]
Table 'Arneb' 6-max Seat #1 is the button
Seat 1: pipinoelbreve9 (€4.98 in chips) 
Seat 2: jeannono24 (€2.15 in chips) 
Seat 3: Debapuelles (€1.97 in chips) 
Seat 4: Bfree01 (€2.04 in chips) 
Seat 5: AnxoGM (€2.05 in chips) 
Seat 6: kaou35 (€2.53 in chips) 
jeannono24: posts small blind €0.01
Debapuelles: posts big blind €0.02
*** HOLE CARDS ***
Dealt to pipinoelbreve9 [Th 6c]
Bfree01: folds 
AnxoGM: raises €0.03 to €0.05
kaou35: calls €0.05
pipinoelbreve9: folds 
jeannono24: calls €0.04
Debapuelles: raises €0.43 to €0.48
AnxoGM: folds 
kaou35: folds 
jeannono24: folds 
Uncalled bet (€0.43) returned to Debapuelles
Debapuelles collected €0.20 from pot
Debapuelles: doesn't show hand 
*** SUMMARY ***
Total pot €0.20 | Rake €0 
Seat 1: pipinoelbreve9 (button) folded before Flop (didn't bet)
Seat 2: jeannono24 (small blind) folded before Flop
Seat 3: Debapuelles (big blind) collected (€0.20)
Seat 4: Bfree01 folded before Flop (didn't bet)
Seat 5: AnxoGM folded before Flop
Seat 6: kaou35 folded before Flop



PokerStars Zoom Hand #257856559493:  Hold'em No Limit (€0.01/€0.02) - 2025/09/23 16:36:00 CET [2025/09/23 10:36:00 ET]
Table 'Arneb' 6-max Seat #1 is the button
Seat 1: @RobarTevoy99 (€2.17 in chips) 
Seat 2: Madrolo59 (€0.23 in chips) 
Seat 3: Debapuelles (€1.98 in chips) 
Seat 4: SFT17 (€2.67 in chips) 
Seat 5: MDKristian (€2.07 in chips) 
Seat 6: pipinoelbreve9 (€4.98 in chips) 
Madrolo59: posts small blind €0.01
Debapuelles: posts big blind €0.02
*** HOLE CARDS ***
Dealt to pipinoelbreve9 [3d Qs]
SFT17: folds 
MDKristian: folds 
pipinoelbreve9: folds 
@RobarTevoy99: folds 
Madrolo59: calls €0.01
Debapuelles: checks 
*** FLOP *** [2c 2h 5d]
Madrolo59: checks 
Debapuelles: bets €0.06
Madrolo59: folds 
Uncalled bet (€0.06) returned to Debapuelles
Debapuelles collected €0.04 from pot
Debapuelles: doesn't show hand 
*** SUMMARY ***
Total pot €0.04 | Rake €0 
Board [2c 2h 5d]
Seat 1: @RobarTevoy99 (button) folded before Flop (didn't bet)
Seat 2: Madrolo59 (small blind) folded on the Flop
Seat 3: Debapuelles (big blind) collected (€0.04)
Seat 4: SFT17 folded before Flop (didn't bet)
Seat 5: MDKristian folded before Flop (didn't bet)
Seat 6: pipinoelbreve9 folded before Flop (didn't bet)



PokerStars Zoom Hand #257856560135:  Hold'em No Limit (€0.01/€0.02) - 2025/09/23 16:36:04 CET [2025/09/23 10:36:04 ET]
Table 'Arneb' 6-max Seat #1 is the button
Seat 1: NCabral_SCP (€2.95 in chips) 
Seat 2: vaness47985 (€2.08 in chips) 
Seat 3: MDKristian (€2.07 in chips) 
Seat 4: pipinoelbreve9 (€4.98 in chips) 
Seat 5: freynaz (€3.76 in chips) 
Seat 6: dragonfly2467 (€2.20 in chips) 
vaness47985: posts small blind €0.01
MDKristian: posts big blind €0.02
*** HOLE CARDS ***
Dealt to pipinoelbreve9 [3s Ks]
pipinoelbreve9: folds 
freynaz: folds 
dragonfly2467: folds 
NCabral_SCP: calls €0.02
vaness47985: folds 
MDKristian: raises €0.13 to €0.15
NCabral_SCP: calls €0.13
*** FLOP *** [2c 5h 6c]
MDKristian: bets €0.22
NCabral_SCP: calls €0.22
*** TURN *** [2c 5h 6c] [2h]
MDKristian: bets €0.53
NCabral_SCP: calls €0.53
*** RIVER *** [2c 5h 6c 2h] [2s]
MDKristian: bets €1.17 and is all-in
NCabral_SCP: calls €1.17
*** SHOW DOWN ***
MDKristian: shows [As Ac] (a full house, Deuces full of Aces)
NCabral_SCP: shows [6h Ah] (a full house, Deuces full of Sixes)
MDKristian collected €3.94 from pot
*** SUMMARY ***
Total pot €4.15 | Rake €0.21 
Board [2c 5h 6c 2h 2s]
Seat 1: NCabral_SCP (button) showed [6h Ah] and lost with a full house, Deuces full of Sixes
Seat 2: vaness47985 (small blind) folded before Flop
Seat 3: MDKristian (big blind) showed [As Ac] and won (€3.94) with a full house, Deuces full of Aces
Seat 4: pipinoelbreve9 folded before Flop (didn't bet)
Seat 5: freynaz folded before Flop (didn't bet)
Seat 6: dragonfly2467 folded before Flop (didn't bet)



PokerStars Zoom Hand #257856561240:  Hold'em No Limit (€0.01/€0.02) - 2025/09/23 16:36:11 CET [2025/09/23 10:36:11 ET]
Table 'Arneb' 6-max Seat #1 is the button
Seat 1: mamieyoyo (€0.92 in chips) 
Seat 2: pipinoelbreve9 (€4.98 in chips) 
Seat 3: more457 (€1.13 in chips) 
Seat 4: jeannono24 (€2.62 in chips) 
Seat 5: odace15 (€2.01 in chips) 
Seat 6: Freakyshiro (€1.63 in chips) 
pipinoelbreve9: posts small blind €0.01
more457: posts big blind €0.02
*** HOLE CARDS ***
Dealt to pipinoelbreve9 [5c 6c]
jeannono24: folds 
odace15: folds 
Freakyshiro: raises €0.02 to €0.04
mamieyoyo: calls €0.04
pipinoelbreve9: raises €0.14 to €0.18
more457: folds 
Freakyshiro: calls €0.14
mamieyoyo: folds 
*** FLOP *** [8d Ac 8h]
pipinoelbreve9: bets €0.20
Freakyshiro: raises €0.20 to €0.40
pipinoelbreve9: folds 
Uncalled bet (€0.20) returned to Freakyshiro
Freakyshiro collected €0.78 from pot
Freakyshiro: doesn't show hand 
*** SUMMARY ***
Total pot €0.82 | Rake €0.04 
Board [8d Ac 8h]
Seat 1: mamieyoyo (button) folded before Flop
Seat 2: pipinoelbreve9 (small blind) folded on the Flop
Seat 3: more457 (big blind) folded before Flop
Seat 4: jeannono24 folded before Flop (didn't bet)
Seat 5: odace15 folded before Flop (didn't bet)
Seat 6: Freakyshiro collected (€0.78)



PokerStars Zoom Hand #257856558942:  Hold'em No Limit (€0.01/€0.02) - 2025/09/23 16:35:57 CET [2025/09/23 10:35:57 ET]
Table 'Arneb' 6-max Seat #1 is the button
Seat 1: Bfree01 (€2.04 in chips) 
Seat 2: jpvacas (€2 in chips) 
Seat 3: felidor88 (€2.75 in chips) 
Seat 4: pipinoelbreve9 (€4.98 in chips) 
Seat 5: 34pluto (€1.25 in chips) 
Seat 6: LOBICHISIMO (€4.67 in chips) 
jpvacas: posts small blind €0.01
felidor88: posts big blind €0.02
*** HOLE CARDS ***
Dealt to pipinoelbreve9 [8c 2h]
pipinoelbreve9: folds 
34pluto: raises €0.02 to €0.04
LOBICHISIMO: calls €0.04
Bfree01: folds 
jpvacas: calls €0.03
felidor88: folds 
*** FLOP *** [Qs Kd 2c]
jpvacas: checks 
34pluto: checks 
LOBICHISIMO: checks 
*** TURN *** [Qs Kd 2c] [4d]
jpvacas: bets €0.10
34pluto: calls €0.10
LOBICHISIMO: folds 
*** RIVER *** [Qs Kd 2c 4d] [6s]
jpvacas: bets €0.11
34pluto: calls €0.11
*** SHOW DOWN ***
jpvacas: shows [Qd Jd] (a pair of Queens)
34pluto: shows [As Qc] (a pair of Queens - Ace kicker)
34pluto collected €0.53 from pot
*** SUMMARY ***
Total pot €0.56 | Rake €0.03 
Board [Qs Kd 2c 4d 6s]
Seat 1: Bfree01 (button) folded before Flop (didn't bet)
Seat 2: jpvacas (small blind) showed [Qd Jd] and lost with a pair of Queens
Seat 3: felidor88 (big blind) folded before Flop
Seat 4: pipinoelbreve9 folded before Flop (didn't bet)
Seat 5: 34pluto showed [As Qc] and won (€0.53) with a pair of Queens
Seat 6: LOBICHISIMO folded on the Turn



PokerStars Zoom Hand #257856560716:  Hold'em No Limit (€0.01/€0.02) - 2025/09/23 16:36:08 CET [2025/09/23 10:36:08 ET]
Table 'Arneb' 6-max Seat #1 is the button
Seat 1: odace15 (€2.01 in chips) 
Seat 2: felidor88 (€2.34 in chips) 
Seat 3: @RobarTevoy99 (€2.17 in chips) 
Seat 4: pipinoelbreve9 (€4.98 in chips) 
Seat 5: SFT17 (€2.22 in chips) 
Seat 6: LAROSA74 (€2.37 in chips) 
felidor88: posts small blind €0.01
@RobarTevoy99: posts big blind €0.02
*** HOLE CARDS ***
Dealt to pipinoelbreve9 [4c Ks]
pipinoelbreve9: folds 
SFT17: folds 
LAROSA74: folds 
odace15: raises €0.03 to €0.05
felidor88: raises €0.15 to €0.20
@RobarTevoy99: folds 
odace15: calls €0.15
*** FLOP *** [Tc 8s Ac]
felidor88: checks 
odace15: bets €0.28
felidor88: calls €0.28
*** TURN *** [Tc 8s Ac] [Kc]
felidor88: checks 
odace15: bets €0.65
felidor88: folds 
Uncalled bet (€0.65) returned to odace15
odace15 collected €0.93 from pot
odace15: doesn't show hand 
*** SUMMARY ***
Total pot €0.98 | Rake €0.05 
Board [Tc 8s Ac Kc]
Seat 1: odace15 (button) collected (€0.93)
Seat 2: felidor88 (small blind) folded on the Turn
Seat 3: @RobarTevoy99 (big blind) folded before Flop
Seat 4: pipinoelbreve9 folded before Flop (didn't bet)
Seat 5: SFT17 folded before Flop (didn't bet)
Seat 6: LAROSA74 folded before Flop (didn't bet)



PokerStars Zoom Hand #257856568126:  Hold'em No Limit (€0.01/€0.02) - 2025/09/23 16:36:54 CET [2025/09/23 10:36:54 ET]
Table 'Arneb' 6-max Seat #1 is the button
Seat 1: zhouweiyi888 (€5.12 in chips) 
Seat 2: MDKristian (€3.85 in chips) 
Seat 3: pipinoelbreve9 (€4.60 in chips) 
Seat 4: QUIQUE JONES (€0.96 in chips) 
Seat 5: felidor88 (€2.03 in chips) 
Seat 6: Nescoe (€4.88 in chips) 
MDKristian: posts small blind €0.01
pipinoelbreve9: posts big blind €0.02
*** HOLE CARDS ***
Dealt to pipinoelbreve9 [9h Qh]
QUIQUE JONES: folds 
felidor88: raises €0.03 to €0.05
Nescoe: folds 
zhouweiyi888: folds 
MDKristian: folds 
pipinoelbreve9: calls €0.03
*** FLOP *** [4d 4c 3c]
pipinoelbreve9: checks 
felidor88: checks 
*** TURN *** [4d 4c 3c] [5h]
pipinoelbreve9: checks 
felidor88: checks 
*** RIVER *** [4d 4c 3c 5h] [Td]
pipinoelbreve9: checks 
felidor88: bets €0.07
pipinoelbreve9: folds 
Uncalled bet (€0.07) returned to felidor88
felidor88 collected €0.10 from pot
felidor88: doesn't show hand 
*** SUMMARY ***
Total pot €0.11 | Rake €0.01 
Board [4d 4c 3c 5h Td]
Seat 1: zhouweiyi888 (button) folded before Flop (didn't bet)
Seat 2: MDKristian (small blind) folded before Flop
Seat 3: pipinoelbreve9 (big blind) folded on the River
Seat 4: QUIQUE JONES folded before Flop (didn't bet)
Seat 5: felidor88 collected (€0.10)
Seat 6: Nescoe folded before Flop (didn't bet)



