PokerStars Hand #257623072366: Tournament #3922832847, €0.90+€0.10 EUR Hold'em No Limit - Level V (250/500) - 2025/09/05 19:18:02 CET [2025/09/05 13:18:02 ET]
Table '3922832847 2' 8-max Seat #7 is the button
Seat 1: Invicto1893 (3725 in chips) 
Seat 2: pipinoelbreve9 (10000 in chips) 
Seat 3: tiolay33 (7430 in chips) is sitting out
Seat 4: Nathanael73 (6875 in chips) 
Seat 5: kasdent29 (8160 in chips) 
Seat 6: sito77 (13545 in chips) 
Seat 7: lagar1012 (6755 in chips) is sitting out
Seat 8: Sjes1963 (31720 in chips) 
Invicto1893: posts the ante 50
pipinoelbreve9: posts the ante 50
tiolay33: posts the ante 50
Nathanael73: posts the ante 50
kasdent29: posts the ante 50
sito77: posts the ante 50
lagar1012: posts the ante 50
Sjes1963: posts the ante 50
Sjes1963: posts small blind 250
Invicto1893: posts big blind 500
*** HOLE CARDS ***
Dealt to pipinoelbreve9 [Jc 3h]
pipinoelbreve9: folds 
tiolay33: folds 
Nathanael73: raises 500 to 1000
kasdent29: folds 
sito77: raises 12495 to 13495 and is all-in
lagar1012: folds 
Sjes1963: folds 
Invicto1893: folds 
Nathanael73: calls 5825 and is all-in
Uncalled bet (6670) returned to sito77
*** FLOP *** [Qh Kh 6s]
*** TURN *** [Qh Kh 6s] [5h]
*** RIVER *** [Qh Kh 6s 5h] [2d]
*** SHOW DOWN ***
Nathanael73: shows [Jh As] (high card Ace)
sito77: shows [Ac Jd] (high card Ace)
Nathanael73 collected 7400 from pot
sito77 collected 7400 from pot
*** SUMMARY ***
Total pot 14800 | Rake 0 
Board [Qh Kh 6s 5h 2d]
Seat 1: Invicto1893 (big blind) folded before Flop
Seat 2: pipinoelbreve9 folded before Flop (didn't bet)
Seat 3: tiolay33 folded before Flop (didn't bet)
Seat 4: Nathanael73 showed [Jh As] and won (7400) with high card Ace
Seat 5: kasdent29 folded before Flop (didn't bet)
Seat 6: sito77 showed [Ac Jd] and won (7400) with high card Ace
Seat 7: lagar1012 (button) folded before Flop (didn't bet)
Seat 8: Sjes1963 (small blind) folded before Flop



PokerStars Hand #257623077733: Tournament #3922832847, €0.90+€0.10 EUR Hold'em No Limit - Level V (250/500) - 2025/09/05 19:18:30 CET [2025/09/05 13:18:30 ET]
Table '3922832847 2' 8-max Seat #8 is the button
Seat 1: Invicto1893 (3175 in chips) 
Seat 2: pipinoelbreve9 (9950 in chips) 
Seat 3: tiolay33 (7380 in chips) is sitting out
Seat 4: Nathanael73 (7400 in chips) 
Seat 5: kasdent29 (8110 in chips) 
Seat 6: sito77 (14070 in chips) 
Seat 7: lagar1012 (6705 in chips) is sitting out
Seat 8: Sjes1963 (31420 in chips) 
Invicto1893: posts the ante 50
pipinoelbreve9: posts the ante 50
tiolay33: posts the ante 50
Nathanael73: posts the ante 50
kasdent29: posts the ante 50
sito77: posts the ante 50
lagar1012: posts the ante 50
Sjes1963: posts the ante 50
Invicto1893: posts small blind 250
pipinoelbreve9: posts big blind 500
*** HOLE CARDS ***
Dealt to pipinoelbreve9 [8s 9h]
tiolay33: folds 
Nathanael73: folds 
kasdent29: folds 
sito77: folds 
lagar1012: folds 
Sjes1963: folds 
Invicto1893: raises 2625 to 3125 and is all-in
pipinoelbreve9: calls 2625
*** FLOP *** [Ad Tc 2d]
*** TURN *** [Ad Tc 2d] [8d]
*** RIVER *** [Ad Tc 2d 8d] [3h]
*** SHOW DOWN ***
Invicto1893: shows [6c Ac] (a pair of Aces)
pipinoelbreve9: shows [8s 9h] (a pair of Eights)
Invicto1893 collected 6650 from pot
*** SUMMARY ***
Total pot 6650 | Rake 0 
Board [Ad Tc 2d 8d 3h]
Seat 1: Invicto1893 (small blind) showed [6c Ac] and won (6650) with a pair of Aces
Seat 2: pipinoelbreve9 (big blind) showed [8s 9h] and lost with a pair of Eights
Seat 3: tiolay33 folded before Flop (didn't bet)
Seat 4: Nathanael73 folded before Flop (didn't bet)
Seat 5: kasdent29 folded before Flop (didn't bet)
Seat 6: sito77 folded before Flop (didn't bet)
Seat 7: lagar1012 folded before Flop (didn't bet)
Seat 8: Sjes1963 (button) folded before Flop (didn't bet)



PokerStars Hand #257623082944: Tournament #3922832847, €0.90+€0.10 EUR Hold'em No Limit - Level V (250/500) - 2025/09/05 19:18:58 CET [2025/09/05 13:18:58 ET]
Table '3922832847 2' 8-max Seat #1 is the button
Seat 1: Invicto1893 (6650 in chips) 
Seat 2: pipinoelbreve9 (6775 in chips) 
Seat 3: tiolay33 (7330 in chips) is sitting out
Seat 4: Nathanael73 (7350 in chips) 
Seat 5: kasdent29 (8060 in chips) 
Seat 6: sito77 (14020 in chips) 
Seat 7: lagar1012 (6655 in chips) is sitting out
Seat 8: Sjes1963 (31370 in chips) 
Invicto1893: posts the ante 50
pipinoelbreve9: posts the ante 50
tiolay33: posts the ante 50
Nathanael73: posts the ante 50
kasdent29: posts the ante 50
sito77: posts the ante 50
lagar1012: posts the ante 50
Sjes1963: posts the ante 50
pipinoelbreve9: posts small blind 250
tiolay33: posts big blind 500
*** HOLE CARDS ***
Dealt to pipinoelbreve9 [Js 3c]
Nathanael73: calls 500
kasdent29: raises 7510 to 8010 and is all-in
sito77: folds 
lagar1012: folds 
Sjes1963: folds 
Invicto1893: folds 
pipinoelbreve9: folds 
tiolay33: folds 
Nathanael73: folds 
Uncalled bet (7510) returned to kasdent29
kasdent29 collected 2150 from pot
*** SUMMARY ***
Total pot 2150 | Rake 0 
Seat 1: Invicto1893 (button) folded before Flop (didn't bet)
Seat 2: pipinoelbreve9 (small blind) folded before Flop
Seat 3: tiolay33 (big blind) folded before Flop
Seat 4: Nathanael73 folded before Flop
Seat 5: kasdent29 collected (2150)
Seat 6: sito77 folded before Flop (didn't bet)
Seat 7: lagar1012 folded before Flop (didn't bet)
Seat 8: Sjes1963 folded before Flop (didn't bet)



PokerStars Hand #257623085980: Tournament #3922832847, €0.90+€0.10 EUR Hold'em No Limit - Level V (250/500) - 2025/09/05 19:19:14 CET [2025/09/05 13:19:14 ET]
Table '3922832847 2' 8-max Seat #2 is the button
Seat 1: Invicto1893 (6600 in chips) 
Seat 2: pipinoelbreve9 (6475 in chips) 
Seat 3: tiolay33 (6780 in chips) is sitting out
Seat 4: Nathanael73 (6800 in chips) 
Seat 5: kasdent29 (9660 in chips) 
Seat 6: sito77 (13970 in chips) 
Seat 7: lagar1012 (6605 in chips) is sitting out
Seat 8: Sjes1963 (31320 in chips) 
Invicto1893: posts the ante 50
pipinoelbreve9: posts the ante 50
tiolay33: posts the ante 50
Nathanael73: posts the ante 50
kasdent29: posts the ante 50
sito77: posts the ante 50
lagar1012: posts the ante 50
Sjes1963: posts the ante 50
tiolay33: posts small blind 250
Nathanael73: posts big blind 500
*** HOLE CARDS ***
Dealt to pipinoelbreve9 [5d 6h]
kasdent29: folds 
sito77: calls 500
lagar1012: folds 
Sjes1963: folds 
Invicto1893: folds 
pipinoelbreve9: calls 500
tiolay33: folds 
Nathanael73: checks 
*** FLOP *** [Jc Qs 3d]
Nathanael73: checks 
sito77: checks 
pipinoelbreve9: bets 575
Nathanael73: folds 
sito77: folds 
Uncalled bet (575) returned to pipinoelbreve9
pipinoelbreve9 collected 2150 from pot
pipinoelbreve9: doesn't show hand 
*** SUMMARY ***
Total pot 2150 | Rake 0 
Board [Jc Qs 3d]
Seat 1: Invicto1893 folded before Flop (didn't bet)
Seat 2: pipinoelbreve9 (button) collected (2150)
Seat 3: tiolay33 (small blind) folded before Flop
Seat 4: Nathanael73 (big blind) folded on the Flop
Seat 5: kasdent29 folded before Flop (didn't bet)
Seat 6: sito77 folded on the Flop
Seat 7: lagar1012 folded before Flop (didn't bet)
Seat 8: Sjes1963 folded before Flop (didn't bet)



PokerStars Hand #257623089851: Tournament #3922832847, €0.90+€0.10 EUR Hold'em No Limit - Level V (250/500) - 2025/09/05 19:19:34 CET [2025/09/05 13:19:34 ET]
Table '3922832847 2' 8-max Seat #3 is the button
Seat 1: Invicto1893 (6550 in chips) 
Seat 2: pipinoelbreve9 (8075 in chips) 
Seat 3: tiolay33 (6480 in chips) is sitting out
Seat 4: Nathanael73 (6250 in chips) 
Seat 5: kasdent29 (9610 in chips) 
Seat 6: sito77 (13420 in chips) 
Seat 7: lagar1012 (6555 in chips) is sitting out
Seat 8: Sjes1963 (31270 in chips) 
Invicto1893: posts the ante 50
pipinoelbreve9: posts the ante 50
tiolay33: posts the ante 50
Nathanael73: posts the ante 50
kasdent29: posts the ante 50
sito77: posts the ante 50
lagar1012: posts the ante 50
Sjes1963: posts the ante 50
Nathanael73: posts small blind 250
kasdent29: posts big blind 500
*** HOLE CARDS ***
Dealt to pipinoelbreve9 [6c As]
sito77: folds 
lagar1012: folds 
Sjes1963: folds 
Invicto1893: folds 
pipinoelbreve9: calls 500
tiolay33: folds 
Nathanael73: raises 5700 to 6200 and is all-in
kasdent29: folds 
pipinoelbreve9: folds 
Uncalled bet (5700) returned to Nathanael73
Nathanael73 collected 1900 from pot
*** SUMMARY ***
Total pot 1900 | Rake 0 
Seat 1: Invicto1893 folded before Flop (didn't bet)
Seat 2: pipinoelbreve9 folded before Flop
Seat 3: tiolay33 (button) folded before Flop (didn't bet)
Seat 4: Nathanael73 (small blind) collected (1900)
Seat 5: kasdent29 (big blind) folded before Flop
Seat 6: sito77 folded before Flop (didn't bet)
Seat 7: lagar1012 folded before Flop (didn't bet)
Seat 8: Sjes1963 folded before Flop (didn't bet)



PokerStars Hand #257623094372: Tournament #3922832847, €0.90+€0.10 EUR Hold'em No Limit - Level V (250/500) - 2025/09/05 19:19:58 CET [2025/09/05 13:19:58 ET]
Table '3922832847 2' 8-max Seat #4 is the button
Seat 1: Invicto1893 (6500 in chips) 
Seat 2: pipinoelbreve9 (7525 in chips) 
Seat 3: tiolay33 (6430 in chips) is sitting out
Seat 4: Nathanael73 (7600 in chips) 
Seat 5: kasdent29 (9060 in chips) 
Seat 6: sito77 (13370 in chips) 
Seat 7: lagar1012 (6505 in chips) is sitting out
Seat 8: Sjes1963 (31220 in chips) 
Invicto1893: posts the ante 50
pipinoelbreve9: posts the ante 50
tiolay33: posts the ante 50
Nathanael73: posts the ante 50
kasdent29: posts the ante 50
sito77: posts the ante 50
lagar1012: posts the ante 50
Sjes1963: posts the ante 50
kasdent29: posts small blind 250
sito77: posts big blind 500
*** HOLE CARDS ***
Dealt to pipinoelbreve9 [9c 7s]
lagar1012: folds 
Sjes1963: raises 1650 to 2150
Invicto1893: folds 
pipinoelbreve9: folds 
tiolay33: folds 
Nathanael73: folds 
kasdent29: calls 1900
sito77: folds 
*** FLOP *** [6s 3c 7d]
kasdent29: checks 
Sjes1963: bets 5200
kasdent29: calls 5200
*** TURN *** [6s 3c 7d] [9s]
kasdent29: checks 
Sjes1963: bets 7800
kasdent29: calls 1660 and is all-in
Uncalled bet (6140) returned to Sjes1963
*** RIVER *** [6s 3c 7d 9s] [Ah]
*** SHOW DOWN ***
kasdent29: shows [As Ad] (three of a kind, Aces)
Sjes1963: shows [Ks Qs] (high card Ace)
kasdent29 collected 18920 from pot
lagar1012 is disconnected 
*** SUMMARY ***
Total pot 18920 | Rake 0 
Board [6s 3c 7d 9s Ah]
Seat 1: Invicto1893 folded before Flop (didn't bet)
Seat 2: pipinoelbreve9 folded before Flop (didn't bet)
Seat 3: tiolay33 folded before Flop (didn't bet)
Seat 4: Nathanael73 (button) folded before Flop (didn't bet)
Seat 5: kasdent29 (small blind) showed [As Ad] and won (18920) with three of a kind, Aces
Seat 6: sito77 (big blind) folded before Flop
Seat 7: lagar1012 folded before Flop (didn't bet)
Seat 8: Sjes1963 showed [Ks Qs] and lost with high card Ace



PokerStars Hand #257623101452: Tournament #3922832847, €0.90+€0.10 EUR Hold'em No Limit - Level VI (300/600) - 2025/09/05 19:20:34 CET [2025/09/05 13:20:34 ET]
Table '3922832847 2' 8-max Seat #5 is the button
Seat 1: Invicto1893 (6450 in chips) 
Seat 2: pipinoelbreve9 (7475 in chips) 
Seat 3: tiolay33 (6380 in chips) is sitting out
Seat 4: Nathanael73 (7550 in chips) 
Seat 5: kasdent29 (18920 in chips) 
Seat 6: sito77 (12820 in chips) 
Seat 7: lagar1012 (6455 in chips) 
Seat 8: Sjes1963 (22160 in chips) 
Invicto1893: posts the ante 60
pipinoelbreve9: posts the ante 60
tiolay33: posts the ante 60
Nathanael73: posts the ante 60
kasdent29: posts the ante 60
sito77: posts the ante 60
lagar1012: posts the ante 60
Sjes1963: posts the ante 60
sito77: posts small blind 300
lagar1012: posts big blind 600
*** HOLE CARDS ***
Dealt to pipinoelbreve9 [As 4c]
Sjes1963: folds 
Invicto1893: folds 
pipinoelbreve9: folds 
tiolay33: folds 
Nathanael73: calls 600
kasdent29: folds 
sito77: calls 300
lagar1012: raises 600 to 1200
Nathanael73: calls 600
sito77: calls 600
*** FLOP *** [9s 2c Ts]
sito77: checks 
lagar1012: bets 5195 and is all-in
Nathanael73: folds 
sito77: calls 5195
*** TURN *** [9s 2c Ts] [Qh]
*** RIVER *** [9s 2c Ts Qh] [9c]
*** SHOW DOWN ***
sito77: shows [2s 7s] (two pair, Nines and Deuces)
lagar1012: shows [Ac Ah] (two pair, Aces and Nines)
lagar1012 collected 14470 from pot
*** SUMMARY ***
Total pot 14470 | Rake 0 
Board [9s 2c Ts Qh 9c]
Seat 1: Invicto1893 folded before Flop (didn't bet)
Seat 2: pipinoelbreve9 folded before Flop (didn't bet)
Seat 3: tiolay33 folded before Flop (didn't bet)
Seat 4: Nathanael73 folded on the Flop
Seat 5: kasdent29 (button) folded before Flop (didn't bet)
Seat 6: sito77 (small blind) showed [2s 7s] and lost with two pair, Nines and Deuces
Seat 7: lagar1012 (big blind) showed [Ac Ah] and won (14470) with two pair, Aces and Nines
Seat 8: Sjes1963 folded before Flop (didn't bet)



PokerStars Hand #257623109923: Tournament #3922832847, €0.90+€0.10 EUR Hold'em No Limit - Level VI (300/600) - 2025/09/05 19:21:18 CET [2025/09/05 13:21:18 ET]
Table '3922832847 2' 8-max Seat #6 is the button
Seat 1: Invicto1893 (6390 in chips) 
Seat 2: pipinoelbreve9 (7415 in chips) 
Seat 3: tiolay33 (6320 in chips) is sitting out
Seat 4: Nathanael73 (6290 in chips) 
Seat 5: kasdent29 (18860 in chips) 
Seat 6: sito77 (6365 in chips) 
Seat 7: lagar1012 (14470 in chips) 
Seat 8: Sjes1963 (22100 in chips) 
Invicto1893: posts the ante 60
pipinoelbreve9: posts the ante 60
tiolay33: posts the ante 60
Nathanael73: posts the ante 60
kasdent29: posts the ante 60
sito77: posts the ante 60
lagar1012: posts the ante 60
Sjes1963: posts the ante 60
lagar1012: posts small blind 300
Sjes1963: posts big blind 600
*** HOLE CARDS ***
Dealt to pipinoelbreve9 [4d Js]
Invicto1893: folds 
pipinoelbreve9: folds 
tiolay33: folds 
Nathanael73: folds 
kasdent29: folds 
sito77: raises 5705 to 6305 and is all-in
lagar1012: folds 
Sjes1963: calls 5705
*** FLOP *** [9h 3d Th]
*** TURN *** [9h 3d Th] [8c]
*** RIVER *** [9h 3d Th 8c] [Ts]
*** SHOW DOWN ***
Sjes1963: shows [Jh Ah] (a pair of Tens)
sito77: shows [6c 2h] (a pair of Tens - lower kicker)
Sjes1963 collected 13390 from pot
sito77 finished the tournament
*** SUMMARY ***
Total pot 13390 | Rake 0 
Board [9h 3d Th 8c Ts]
Seat 1: Invicto1893 folded before Flop (didn't bet)
Seat 2: pipinoelbreve9 folded before Flop (didn't bet)
Seat 3: tiolay33 folded before Flop (didn't bet)
Seat 4: Nathanael73 folded before Flop (didn't bet)
Seat 5: kasdent29 folded before Flop (didn't bet)
Seat 6: sito77 (button) showed [6c 2h] and lost with a pair of Tens
Seat 7: lagar1012 (small blind) folded before Flop
Seat 8: Sjes1963 (big blind) showed [Jh Ah] and won (13390) with a pair of Tens



PokerStars Hand #257623115776: Tournament #3922832847, €0.90+€0.10 EUR Hold'em No Limit - Level VI (300/600) - 2025/09/05 19:21:48 CET [2025/09/05 13:21:48 ET]
Table '3922832847 2' 8-max Seat #7 is the button
Seat 1: Invicto1893 (6330 in chips) 
Seat 2: pipinoelbreve9 (7355 in chips) 
Seat 3: tiolay33 (6260 in chips) is sitting out
Seat 4: Nathanael73 (6230 in chips) 
Seat 5: kasdent29 (18800 in chips) 
Seat 7: lagar1012 (14110 in chips) 
Seat 8: Sjes1963 (29125 in chips) 
Invicto1893: posts the ante 60
pipinoelbreve9: posts the ante 60
tiolay33: posts the ante 60
Nathanael73: posts the ante 60
kasdent29: posts the ante 60
lagar1012: posts the ante 60
Sjes1963: posts the ante 60
Sjes1963: posts small blind 300
Invicto1893: posts big blind 600
*** HOLE CARDS ***
Dealt to pipinoelbreve9 [4h 2d]
pipinoelbreve9: folds 
tiolay33: folds 
Nathanael73: raises 5570 to 6170 and is all-in
kasdent29: folds 
lagar1012 is disconnected 
lagar1012 has timed out while disconnected
lagar1012: folds 
lagar1012 is sitting out
Sjes1963: folds 
lagar1012 is disconnected 
Invicto1893: folds 
Uncalled bet (5570) returned to Nathanael73
Nathanael73 collected 1920 from pot
*** SUMMARY ***
Total pot 1920 | Rake 0 
Seat 1: Invicto1893 (big blind) folded before Flop
Seat 2: pipinoelbreve9 folded before Flop (didn't bet)
Seat 3: tiolay33 folded before Flop (didn't bet)
Seat 4: Nathanael73 collected (1920)
Seat 5: kasdent29 folded before Flop (didn't bet)
Seat 7: lagar1012 (button) folded before Flop (didn't bet)
Seat 8: Sjes1963 (small blind) folded before Flop



PokerStars Hand #257623122852: Tournament #3922832847, €0.90+€0.10 EUR Hold'em No Limit - Level VI (300/600) - 2025/09/05 19:22:24 CET [2025/09/05 13:22:24 ET]
Table '3922832847 2' 8-max Seat #8 is the button
Seat 1: Invicto1893 (5670 in chips) 
Seat 2: pipinoelbreve9 (7295 in chips) 
Seat 3: tiolay33 (6200 in chips) is sitting out
Seat 4: Nathanael73 (7490 in chips) 
Seat 5: kasdent29 (18740 in chips) 
Seat 7: lagar1012 (14050 in chips) is sitting out
Seat 8: Sjes1963 (28765 in chips) 
Invicto1893: posts the ante 60
pipinoelbreve9: posts the ante 60
tiolay33: posts the ante 60
Nathanael73: posts the ante 60
kasdent29: posts the ante 60
lagar1012: posts the ante 60
Sjes1963: posts the ante 60
Invicto1893: posts small blind 300
pipinoelbreve9: posts big blind 600
*** HOLE CARDS ***
Dealt to pipinoelbreve9 [8h 3s]
tiolay33: folds 
Nathanael73: folds 
kasdent29: folds 
lagar1012: folds 
Sjes1963: raises 1920 to 2520
Invicto1893: folds 
lagar1012 has returned
pipinoelbreve9: folds 
Uncalled bet (1920) returned to Sjes1963
Sjes1963 collected 1920 from pot
Sjes1963: doesn't show hand 
*** SUMMARY ***
Total pot 1920 | Rake 0 
Seat 1: Invicto1893 (small blind) folded before Flop
Seat 2: pipinoelbreve9 (big blind) folded before Flop
Seat 3: tiolay33 folded before Flop (didn't bet)
Seat 4: Nathanael73 folded before Flop (didn't bet)
Seat 5: kasdent29 folded before Flop (didn't bet)
Seat 7: lagar1012 folded before Flop (didn't bet)
Seat 8: Sjes1963 (button) collected (1920)



PokerStars Hand #257623125453: Tournament #3922832847, €0.90+€0.10 EUR Hold'em No Limit - Level VI (300/600) - 2025/09/05 19:22:37 CET [2025/09/05 13:22:37 ET]
Table '3922832847 2' 8-max Seat #1 is the button
Seat 1: Invicto1893 (5310 in chips) 
Seat 2: pipinoelbreve9 (6635 in chips) 
Seat 3: tiolay33 (6140 in chips) is sitting out
Seat 4: Nathanael73 (7430 in chips) 
Seat 5: kasdent29 (18680 in chips) 
Seat 7: lagar1012 (13990 in chips) 
Seat 8: Sjes1963 (30025 in chips) 
Invicto1893: posts the ante 60
pipinoelbreve9: posts the ante 60
tiolay33: posts the ante 60
Nathanael73: posts the ante 60
kasdent29: posts the ante 60
lagar1012: posts the ante 60
Sjes1963: posts the ante 60
pipinoelbreve9: posts small blind 300
tiolay33: posts big blind 600
*** HOLE CARDS ***
Dealt to pipinoelbreve9 [5h As]
Nathanael73: calls 600
kasdent29: folds 
lagar1012: calls 600
Sjes1963: calls 600
Invicto1893: folds 
pipinoelbreve9: raises 5975 to 6575 and is all-in
tiolay33: folds 
Nathanael73: folds 
lagar1012: calls 5975
Sjes1963: folds 
*** FLOP *** [5d Ks 9s]
*** TURN *** [5d Ks 9s] [9c]
*** RIVER *** [5d Ks 9s 9c] [6c]
*** SHOW DOWN ***
pipinoelbreve9: shows [5h As] (two pair, Nines and Fives)
lagar1012: shows [Js 8c] (a pair of Nines)
pipinoelbreve9 collected 15370 from pot
*** SUMMARY ***
Total pot 15370 | Rake 0 
Board [5d Ks 9s 9c 6c]
Seat 1: Invicto1893 (button) folded before Flop (didn't bet)
Seat 2: pipinoelbreve9 (small blind) showed [5h As] and won (15370) with two pair, Nines and Fives
Seat 3: tiolay33 (big blind) folded before Flop
Seat 4: Nathanael73 folded before Flop
Seat 5: kasdent29 folded before Flop (didn't bet)
Seat 7: lagar1012 showed [Js 8c] and lost with a pair of Nines
Seat 8: Sjes1963 folded before Flop



PokerStars Hand #257623132322: Tournament #3922832847, €0.90+€0.10 EUR Hold'em No Limit - Level VII (350/700) - 2025/09/05 19:23:12 CET [2025/09/05 13:23:12 ET]
Table '3922832847 2' 8-max Seat #2 is the button
Seat 1: Invicto1893 (5250 in chips) 
Seat 2: pipinoelbreve9 (15370 in chips) 
Seat 3: tiolay33 (5480 in chips) is sitting out
Seat 4: Nathanael73 (6770 in chips) 
Seat 5: kasdent29 (18620 in chips) 
Seat 6: chapico (10000 in chips) 
Seat 7: lagar1012 (7355 in chips) 
Seat 8: Sjes1963 (29365 in chips) 
Invicto1893: posts the ante 70
pipinoelbreve9: posts the ante 70
tiolay33: posts the ante 70
Nathanael73: posts the ante 70
kasdent29: posts the ante 70
chapico: posts the ante 70
lagar1012: posts the ante 70
Sjes1963: posts the ante 70
tiolay33: posts small blind 350
Nathanael73: posts big blind 700
*** HOLE CARDS ***
Dealt to pipinoelbreve9 [4s Jd]
kasdent29: folds 
chapico: folds 
lagar1012: folds 
Sjes1963: folds 
Invicto1893: folds 
pipinoelbreve9: raises 2800 to 3500
tiolay33: folds 
Nathanael73: folds 
Uncalled bet (2800) returned to pipinoelbreve9
pipinoelbreve9 collected 2310 from pot
pipinoelbreve9: doesn't show hand 
*** SUMMARY ***
Total pot 2310 | Rake 0 
Seat 1: Invicto1893 folded before Flop (didn't bet)
Seat 2: pipinoelbreve9 (button) collected (2310)
Seat 3: tiolay33 (small blind) folded before Flop
Seat 4: Nathanael73 (big blind) folded before Flop
Seat 5: kasdent29 folded before Flop (didn't bet)
Seat 6: chapico folded before Flop (didn't bet)
Seat 7: lagar1012 folded before Flop (didn't bet)
Seat 8: Sjes1963 folded before Flop (didn't bet)



PokerStars Hand #257623137718: Tournament #3922832847, €0.90+€0.10 EUR Hold'em No Limit - Level VII (350/700) - 2025/09/05 19:23:40 CET [2025/09/05 13:23:40 ET]
Table '3922832847 2' 8-max Seat #3 is the button
Seat 1: Invicto1893 (5180 in chips) 
Seat 2: pipinoelbreve9 (16910 in chips) 
Seat 3: tiolay33 (5060 in chips) is sitting out
Seat 4: Nathanael73 (6000 in chips) 
Seat 5: kasdent29 (18550 in chips) 
Seat 6: chapico (9930 in chips) 
Seat 7: lagar1012 (7285 in chips) 
Seat 8: Sjes1963 (29295 in chips) 
Invicto1893: posts the ante 70
pipinoelbreve9: posts the ante 70
tiolay33: posts the ante 70
Nathanael73: posts the ante 70
kasdent29: posts the ante 70
chapico: posts the ante 70
lagar1012: posts the ante 70
Sjes1963: posts the ante 70
Nathanael73: posts small blind 350
kasdent29: posts big blind 700
*** HOLE CARDS ***
Dealt to pipinoelbreve9 [5d 6c]
chapico: raises 700 to 1400
lagar1012: raises 5815 to 7215 and is all-in
Sjes1963: raises 22010 to 29225 and is all-in
Invicto1893: folds 
pipinoelbreve9: folds 
tiolay33: folds 
Nathanael73: folds 
kasdent29: calls 17780 and is all-in
chapico: calls 8460 and is all-in
Uncalled bet (10745) returned to Sjes1963
*** FLOP *** [3s Ks Ac]
*** TURN *** [3s Ks Ac] [7h]
*** RIVER *** [3s Ks Ac 7h] [9h]
*** SHOW DOWN ***
kasdent29: shows [Ts Th] (a pair of Tens)
Sjes1963: shows [Qs Qc] (a pair of Queens)
Sjes1963 collected 17240 from side pot-2 
chapico: shows [Ad Jd] (a pair of Aces)
chapico collected 7935 from side pot-1 
lagar1012: shows [6s As] (a pair of Aces - lower kicker)
chapico collected 29770 from main pot
kasdent29 finished the tournament
lagar1012 finished the tournament
*** SUMMARY ***
Total pot 54945 Main pot 29770. Side pot-1 7935. Side pot-2 17240. | Rake 0 
Board [3s Ks Ac 7h 9h]
Seat 1: Invicto1893 folded before Flop (didn't bet)
Seat 2: pipinoelbreve9 folded before Flop (didn't bet)
Seat 3: tiolay33 (button) folded before Flop (didn't bet)
Seat 4: Nathanael73 (small blind) folded before Flop
Seat 5: kasdent29 (big blind) showed [Ts Th] and lost with a pair of Tens
Seat 6: chapico showed [Ad Jd] and won (37705) with a pair of Aces
Seat 7: lagar1012 showed [6s As] and lost with a pair of Aces
Seat 8: Sjes1963 showed [Qs Qc] and won (17240) with a pair of Queens



PokerStars Hand #257623143841: Tournament #3922832847, €0.90+€0.10 EUR Hold'em No Limit - Level VII (350/700) - 2025/09/05 19:24:11 CET [2025/09/05 13:24:11 ET]
Table '3922832847 2' 8-max Seat #4 is the button
Seat 1: Invicto1893 (5110 in chips) 
Seat 2: pipinoelbreve9 (16840 in chips) 
Seat 3: tiolay33 (4990 in chips) is sitting out
Seat 4: Nathanael73 (5580 in chips) 
Seat 6: chapico (37705 in chips) 
Seat 8: Sjes1963 (27985 in chips) 
Invicto1893: posts the ante 70
pipinoelbreve9: posts the ante 70
tiolay33: posts the ante 70
Nathanael73: posts the ante 70
chapico: posts the ante 70
Sjes1963: posts the ante 70
chapico: posts small blind 350
Sjes1963: posts big blind 700
*** HOLE CARDS ***
Dealt to pipinoelbreve9 [6c 8s]
sutiplay214 is disconnected 
Invicto1893 has timed out
Invicto1893: folds 
Invicto1893 is sitting out
pipinoelbreve9: folds 
tiolay33: folds 
Nathanael73: calls 700
chapico: calls 350
Sjes1963: checks 
*** FLOP *** [5h Qc Ad]
Invicto1893 has returned
chapico: checks 
Sjes1963: bets 1260
Nathanael73: folds 
chapico: folds 
Uncalled bet (1260) returned to Sjes1963
Sjes1963 collected 2520 from pot
Sjes1963: doesn't show hand 
*** SUMMARY ***
Total pot 2520 | Rake 0 
Board [5h Qc Ad]
Seat 1: Invicto1893 folded before Flop (didn't bet)
Seat 2: pipinoelbreve9 folded before Flop (didn't bet)
Seat 3: tiolay33 folded before Flop (didn't bet)
Seat 4: Nathanael73 (button) folded on the Flop
Seat 6: chapico (small blind) folded on the Flop
Seat 8: Sjes1963 (big blind) collected (2520)



PokerStars Hand #257623150564: Tournament #3922832847, €0.90+€0.10 EUR Hold'em No Limit - Level VII (350/700) - 2025/09/05 19:24:46 CET [2025/09/05 13:24:46 ET]
Table '3922832847 2' 8-max Seat #6 is the button
Seat 1: Invicto1893 (5040 in chips) 
Seat 2: pipinoelbreve9 (16770 in chips) 
Seat 3: tiolay33 (4920 in chips) is sitting out
Seat 4: Nathanael73 (4810 in chips) 
Seat 5: sutiplay214 (9930 in chips) 
Seat 6: chapico (36935 in chips) 
Seat 8: Sjes1963 (29735 in chips) 
Invicto1893: posts the ante 70
pipinoelbreve9: posts the ante 70
tiolay33: posts the ante 70
Nathanael73: posts the ante 70
sutiplay214: posts the ante 70
chapico: posts the ante 70
Sjes1963: posts the ante 70
Sjes1963: posts small blind 350
Invicto1893: posts big blind 700
*** HOLE CARDS ***
Dealt to pipinoelbreve9 [3s Jc]
pipinoelbreve9: folds 
tiolay33: folds 
Nathanael73: folds 
sutiplay214: raises 9160 to 9860 and is all-in
chapico: folds 
Sjes1963: folds 
Invicto1893: folds 
Uncalled bet (9160) returned to sutiplay214
sutiplay214 collected 2240 from pot
sutiplay214: doesn't show hand 
*** SUMMARY ***
Total pot 2240 | Rake 0 
Seat 1: Invicto1893 (big blind) folded before Flop
Seat 2: pipinoelbreve9 folded before Flop (didn't bet)
Seat 3: tiolay33 folded before Flop (didn't bet)
Seat 4: Nathanael73 folded before Flop (didn't bet)
Seat 5: sutiplay214 collected (2240)
Seat 6: chapico (button) folded before Flop (didn't bet)
Seat 8: Sjes1963 (small blind) folded before Flop



PokerStars Hand #257623153428: Tournament #3922832847, €0.90+€0.10 EUR Hold'em No Limit - Level VII (350/700) - 2025/09/05 19:25:00 CET [2025/09/05 13:25:00 ET]
Table '3922832847 2' 8-max Seat #8 is the button
Seat 1: Invicto1893 (4270 in chips) 
Seat 2: pipinoelbreve9 (16700 in chips) 
Seat 3: tiolay33 (4850 in chips) is sitting out
Seat 4: Nathanael73 (4740 in chips) 
Seat 5: sutiplay214 (11400 in chips) 
Seat 6: chapico (36865 in chips) 
Seat 8: Sjes1963 (29315 in chips) 
Invicto1893: posts the ante 70
pipinoelbreve9: posts the ante 70
tiolay33: posts the ante 70
Nathanael73: posts the ante 70
sutiplay214: posts the ante 70
chapico: posts the ante 70
Sjes1963: posts the ante 70
Invicto1893: posts small blind 350
pipinoelbreve9: posts big blind 700
*** HOLE CARDS ***
Dealt to pipinoelbreve9 [Jc 3s]
tiolay33: folds 
Nathanael73: folds 
sutiplay214: folds 
chapico: calls 700
Sjes1963: calls 700
Invicto1893: folds 
pipinoelbreve9: checks 
*** FLOP *** [Ad 9s 8h]
pipinoelbreve9: checks 
chapico: bets 9100
Sjes1963: calls 9100
pipinoelbreve9: folds 
*** TURN *** [Ad 9s 8h] [5h]
chapico: bets 26995 and is all-in
Sjes1963: calls 19445 and is all-in
Uncalled bet (7550) returned to chapico
*** RIVER *** [Ad 9s 8h 5h] [5c]
*** SHOW DOWN ***
chapico: shows [Ac 9h] (two pair, Aces and Nines)
Sjes1963: shows [8d Th] (two pair, Eights and Fives)
chapico collected 60030 from pot
Sjes1963 finished the tournament
*** SUMMARY ***
Total pot 60030 | Rake 0 
Board [Ad 9s 8h 5h 5c]
Seat 1: Invicto1893 (small blind) folded before Flop
Seat 2: pipinoelbreve9 (big blind) folded on the Flop
Seat 3: tiolay33 folded before Flop (didn't bet)
Seat 4: Nathanael73 folded before Flop (didn't bet)
Seat 5: sutiplay214 folded before Flop (didn't bet)
Seat 6: chapico showed [Ac 9h] and won (60030) with two pair, Aces and Nines
Seat 8: Sjes1963 (button) showed [8d Th] and lost with two pair, Eights and Fives



PokerStars Hand #257623159704: Tournament #3922832847, €0.90+€0.10 EUR Hold'em No Limit - Level VII (350/700) - 2025/09/05 19:25:33 CET [2025/09/05 13:25:33 ET]
Table '3922832847 2' 8-max Seat #1 is the button
Seat 1: Invicto1893 (3850 in chips) 
Seat 2: pipinoelbreve9 (15930 in chips) 
Seat 3: tiolay33 (4780 in chips) is sitting out
Seat 4: Nathanael73 (4670 in chips) 
Seat 5: sutiplay214 (11330 in chips) 
Seat 6: chapico (67580 in chips) 
Invicto1893: posts the ante 70
pipinoelbreve9: posts the ante 70
tiolay33: posts the ante 70
Nathanael73: posts the ante 70
sutiplay214: posts the ante 70
chapico: posts the ante 70
pipinoelbreve9: posts small blind 350
tiolay33: posts big blind 700
*** HOLE CARDS ***
Dealt to pipinoelbreve9 [Jd Jh]
Nathanael73: calls 700
sutiplay214: folds 
chapico: folds 
Invicto1893: folds 
pipinoelbreve9: raises 15160 to 15860 and is all-in
tiolay33: folds 
Nathanael73: calls 3900 and is all-in
Uncalled bet (11260) returned to pipinoelbreve9
*** FLOP *** [7d 6s 3h]
*** TURN *** [7d 6s 3h] [2h]
*** RIVER *** [7d 6s 3h 2h] [6d]
*** SHOW DOWN ***
pipinoelbreve9: shows [Jd Jh] (two pair, Jacks and Sixes)
Nathanael73: shows [Ad 9s] (a pair of Sixes)
pipinoelbreve9 collected 10320 from pot
Nathanael73 finished the tournament
*** SUMMARY ***
Total pot 10320 | Rake 0 
Board [7d 6s 3h 2h 6d]
Seat 1: Invicto1893 (button) folded before Flop (didn't bet)
Seat 2: pipinoelbreve9 (small blind) showed [Jd Jh] and won (10320) with two pair, Jacks and Sixes
Seat 3: tiolay33 (big blind) folded before Flop
Seat 4: Nathanael73 showed [Ad 9s] and lost with a pair of Sixes
Seat 5: sutiplay214 folded before Flop (didn't bet)
Seat 6: chapico folded before Flop (didn't bet)



PokerStars Hand #257623164796: Tournament #3922832847, €0.90+€0.10 EUR Hold'em No Limit - Level VII (350/700) - 2025/09/05 19:25:59 CET [2025/09/05 13:25:59 ET]
Table '3922832847 2' 8-max Seat #2 is the button
Seat 1: Invicto1893 (3780 in chips) 
Seat 2: pipinoelbreve9 (21580 in chips) 
Seat 3: tiolay33 (4010 in chips) is sitting out
Seat 5: sutiplay214 (11260 in chips) 
Seat 6: chapico (67510 in chips) 
Seat 7: xuperic (5350 in chips) 
Invicto1893: posts the ante 70
pipinoelbreve9: posts the ante 70
tiolay33: posts the ante 70
sutiplay214: posts the ante 70
chapico: posts the ante 70
xuperic: posts the ante 70
tiolay33: posts small blind 350
sutiplay214: posts big blind 700
*** HOLE CARDS ***
Dealt to pipinoelbreve9 [7c Td]
conquisadore is disconnected 
chapico: folds 
xuperic: folds 
Invicto1893: raises 3010 to 3710 and is all-in
pipinoelbreve9: folds 
tiolay33: folds 
sutiplay214: folds 
Uncalled bet (3010) returned to Invicto1893
Invicto1893 collected 2170 from pot
Invicto1893: doesn't show hand 
*** SUMMARY ***
Total pot 2170 | Rake 0 
Seat 1: Invicto1893 collected (2170)
Seat 2: pipinoelbreve9 (button) folded before Flop (didn't bet)
Seat 3: tiolay33 (small blind) folded before Flop
Seat 5: sutiplay214 (big blind) folded before Flop
Seat 6: chapico folded before Flop (didn't bet)
Seat 7: xuperic folded before Flop (didn't bet)



PokerStars Hand #257623169570: Tournament #3922832847, €0.90+€0.10 EUR Hold'em No Limit - Level VIII (400/800) - 2025/09/05 19:26:23 CET [2025/09/05 13:26:23 ET]
Table '3922832847 2' 8-max Seat #3 is the button
Seat 1: Invicto1893 (5180 in chips) 
Seat 2: pipinoelbreve9 (21510 in chips) 
Seat 3: tiolay33 (3590 in chips) is sitting out
Seat 4: conquisadore (10000 in chips) out of hand (moved from another table into small blind)
Seat 5: sutiplay214 (10490 in chips) 
Seat 6: chapico (67440 in chips) 
Seat 7: xuperic (5280 in chips) 
conquisadore will be allowed to play after the button
Invicto1893: posts the ante 80
pipinoelbreve9: posts the ante 80
tiolay33: posts the ante 80
sutiplay214: posts the ante 80
chapico: posts the ante 80
xuperic: posts the ante 80
sutiplay214: posts small blind 400
chapico: posts big blind 800
*** HOLE CARDS ***
Dealt to pipinoelbreve9 [7h Jh]
xuperic: calls 800
Invicto1893: folds 
pipinoelbreve9: raises 1600 to 2400
tiolay33: folds 
sutiplay214: folds 
chapico: calls 1600
xuperic: calls 1600
*** FLOP *** [8c 9h Ah]
chapico: checks 
xuperic: bets 2800 and is all-in
pipinoelbreve9: calls 2800
chapico: folds 
*** TURN *** [8c 9h Ah] [8h]
*** RIVER *** [8c 9h Ah 8h] [8s]
*** SHOW DOWN ***
xuperic: shows [Qh Jc] (three of a kind, Eights)
pipinoelbreve9: shows [7h Jh] (a flush, Ace high)
pipinoelbreve9 collected 13680 from pot
xuperic finished the tournament
*** SUMMARY ***
Total pot 13680 | Rake 0 
Board [8c 9h Ah 8h 8s]
Seat 1: Invicto1893 folded before Flop (didn't bet)
Seat 2: pipinoelbreve9 showed [7h Jh] and won (13680) with a flush, Ace high
Seat 3: tiolay33 (button) folded before Flop (didn't bet)
Seat 5: sutiplay214 (small blind) folded before Flop
Seat 6: chapico (big blind) folded on the Flop
Seat 7: xuperic showed [Qh Jc] and lost with three of a kind, Eights



PokerStars Hand #257623177913: Tournament #3922832847, €0.90+€0.10 EUR Hold'em No Limit - Level VIII (400/800) - 2025/09/05 19:27:07 CET [2025/09/05 13:27:07 ET]
Table '3922832847 2' 8-max Seat #5 is the button
Seat 1: Invicto1893 (5100 in chips) 
Seat 2: pipinoelbreve9 (29910 in chips) 
Seat 3: tiolay33 (3510 in chips) is sitting out
Seat 4: conquisadore (10000 in chips) 
Seat 5: sutiplay214 (10010 in chips) 
Seat 6: chapico (64960 in chips) 
Invicto1893: posts the ante 80
pipinoelbreve9: posts the ante 80
tiolay33: posts the ante 80
conquisadore: posts the ante 80
sutiplay214: posts the ante 80
chapico: posts the ante 80
chapico: posts small blind 400
Invicto1893: posts big blind 800
*** HOLE CARDS ***
Dealt to pipinoelbreve9 [5c 5d]
NopeKarma is disconnected 
pipinoelbreve9: raises 1600 to 2400
tiolay33: folds 
conquisadore: calls 2400
sutiplay214: folds 
chapico: folds 
Invicto1893: folds 
*** FLOP *** [5s Qd 7d]
pipinoelbreve9: bets 2440
conquisadore: folds 
Uncalled bet (2440) returned to pipinoelbreve9
pipinoelbreve9 collected 6480 from pot
pipinoelbreve9: doesn't show hand 
*** SUMMARY ***
Total pot 6480 | Rake 0 
Board [5s Qd 7d]
Seat 1: Invicto1893 (big blind) folded before Flop
Seat 2: pipinoelbreve9 collected (6480)
Seat 3: tiolay33 folded before Flop (didn't bet)
Seat 4: conquisadore folded on the Flop
Seat 5: sutiplay214 (button) folded before Flop (didn't bet)
Seat 6: chapico (small blind) folded before Flop



PokerStars Hand #257623182622: Tournament #3922832847, €0.90+€0.10 EUR Hold'em No Limit - Level VIII (400/800) - 2025/09/05 19:27:32 CET [2025/09/05 13:27:32 ET]
Table '3922832847 2' 8-max Seat #6 is the button
Seat 1: Invicto1893 (4220 in chips) 
Seat 2: pipinoelbreve9 (33910 in chips) 
Seat 3: tiolay33 (3430 in chips) is sitting out
Seat 4: conquisadore (7520 in chips) 
Seat 5: sutiplay214 (9930 in chips) 
Seat 6: chapico (64480 in chips) 
Seat 7: antonio57872 (33970 in chips) out of hand (moved from another table into small blind)
Seat 8: NopeKarma (44205 in chips) out of hand (moved from another table into small blind)
antonio57872 will be allowed to play after the button
NopeKarma will be allowed to play after the button
Invicto1893: posts the ante 80
pipinoelbreve9: posts the ante 80
tiolay33: posts the ante 80
conquisadore: posts the ante 80
sutiplay214: posts the ante 80
chapico: posts the ante 80
Invicto1893: posts small blind 400
pipinoelbreve9: posts big blind 800
*** HOLE CARDS ***
Dealt to pipinoelbreve9 [6s As]
tiolay33: folds 
conquisadore: folds 
sutiplay214: folds 
chapico: folds 
Invicto1893: folds 
Uncalled bet (400) returned to pipinoelbreve9
pipinoelbreve9 collected 1280 from pot
pipinoelbreve9: doesn't show hand 
*** SUMMARY ***
Total pot 1280 | Rake 0 
Seat 1: Invicto1893 (small blind) folded before Flop
Seat 2: pipinoelbreve9 (big blind) collected (1280)
Seat 3: tiolay33 folded before Flop (didn't bet)
Seat 4: conquisadore folded before Flop (didn't bet)
Seat 5: sutiplay214 folded before Flop (didn't bet)
Seat 6: chapico (button) folded before Flop (didn't bet)



PokerStars Hand #257623188788: Tournament #3922832847, €0.90+€0.10 EUR Hold'em No Limit - Level VIII (400/800) - 2025/09/05 19:28:04 CET [2025/09/05 13:28:04 ET]
Table '3922832847 2' 8-max Seat #1 is the button
Seat 1: Invicto1893 (3740 in chips) 
Seat 2: pipinoelbreve9 (34710 in chips) 
Seat 3: tiolay33 (3350 in chips) is sitting out
Seat 4: conquisadore (7440 in chips) 
Seat 5: sutiplay214 (9850 in chips) 
Seat 6: chapico (64400 in chips) 
Seat 7: antonio57872 (33970 in chips) 
Seat 8: NopeKarma (44205 in chips) 
Invicto1893: posts the ante 80
pipinoelbreve9: posts the ante 80
tiolay33: posts the ante 80
conquisadore: posts the ante 80
sutiplay214: posts the ante 80
chapico: posts the ante 80
antonio57872: posts the ante 80
NopeKarma: posts the ante 80
pipinoelbreve9: posts small blind 400
tiolay33: posts big blind 800
*** HOLE CARDS ***
Dealt to pipinoelbreve9 [3c 5h]
conquisadore: folds 
sutiplay214: folds 
chapico: raises 800 to 1600
antonio57872: calls 1600
NopeKarma: raises 1600 to 3200
Invicto1893: folds 
pipinoelbreve9: folds 
tiolay33: folds 
chapico: calls 1600
antonio57872: calls 1600
*** FLOP *** [8c Qc 9s]
chapico: checks 
antonio57872: checks 
NopeKarma: bets 3432
chapico: calls 3432
antonio57872: folds 
*** TURN *** [8c Qc 9s] [Jd]
chapico: bets 57688 and is all-in
NopeKarma: calls 37493 and is all-in
Uncalled bet (20195) returned to chapico
*** RIVER *** [8c Qc 9s Jd] [7c]
*** SHOW DOWN ***
chapico: shows [Tc Ad] (a straight, Eight to Queen)
NopeKarma: shows [Th Qs] (a straight, Eight to Queen)
chapico collected 46645 from pot
NopeKarma collected 46645 from pot
*** SUMMARY ***
Total pot 93290 | Rake 0 
Board [8c Qc 9s Jd 7c]
Seat 1: Invicto1893 (button) folded before Flop (didn't bet)
Seat 2: pipinoelbreve9 (small blind) folded before Flop
Seat 3: tiolay33 (big blind) folded before Flop
Seat 4: conquisadore folded before Flop (didn't bet)
Seat 5: sutiplay214 folded before Flop (didn't bet)
Seat 6: chapico showed [Tc Ad] and won (46645) with a straight, Eight to Queen
Seat 7: antonio57872 folded on the Flop
Seat 8: NopeKarma showed [Th Qs] and won (46645) with a straight, Eight to Queen



PokerStars Hand #257623201475: Tournament #3922832847, €0.90+€0.10 EUR Hold'em No Limit - Level IX (500/1000) - 2025/09/05 19:29:10 CET [2025/09/05 13:29:10 ET]
Table '3922832847 2' 8-max Seat #2 is the button
Seat 1: Invicto1893 (3660 in chips) 
Seat 2: pipinoelbreve9 (34230 in chips) 
Seat 3: tiolay33 (2470 in chips) is sitting out
Seat 4: conquisadore (7360 in chips) 
Seat 5: sutiplay214 (9770 in chips) 
Seat 6: chapico (66840 in chips) 
Seat 7: antonio57872 (30690 in chips) 
Seat 8: NopeKarma (46645 in chips) 
Invicto1893: posts the ante 100
pipinoelbreve9: posts the ante 100
tiolay33: posts the ante 100
conquisadore: posts the ante 100
sutiplay214: posts the ante 100
chapico: posts the ante 100
antonio57872: posts the ante 100
NopeKarma: posts the ante 100
tiolay33: posts small blind 500
conquisadore: posts big blind 1000
*** HOLE CARDS ***
Dealt to pipinoelbreve9 [Jd Kh]
sutiplay214: folds 
chapico: calls 1000
antonio57872: raises 1000 to 2000
NopeKarma: calls 2000
Invicto1893: folds 
pipinoelbreve9: calls 2000
tiolay33: folds 
conquisadore: calls 1000
chapico: calls 1000
*** FLOP *** [Kc 6d Ks]
conquisadore: bets 5260 and is all-in
chapico: folds 
antonio57872: folds 
NopeKarma: folds 
pipinoelbreve9: calls 5260
*** TURN *** [Kc 6d Ks] [As]
*** RIVER *** [Kc 6d Ks As] [3d]
*** SHOW DOWN ***
conquisadore: shows [3c 6h] (two pair, Kings and Sixes)
pipinoelbreve9: shows [Jd Kh] (three of a kind, Kings)
pipinoelbreve9 collected 21820 from pot
conquisadore finished the tournament in 86th place
*** SUMMARY ***
Total pot 21820 | Rake 0 
Board [Kc 6d Ks As 3d]
Seat 1: Invicto1893 folded before Flop (didn't bet)
Seat 2: pipinoelbreve9 (button) showed [Jd Kh] and won (21820) with three of a kind, Kings
Seat 3: tiolay33 (small blind) folded before Flop
Seat 4: conquisadore (big blind) showed [3c 6h] and lost with two pair, Kings and Sixes
Seat 5: sutiplay214 folded before Flop (didn't bet)
Seat 6: chapico folded on the Flop
Seat 7: antonio57872 folded on the Flop
Seat 8: NopeKarma folded on the Flop



PokerStars Hand #257623218550: Tournament #3922832847, €0.90+€0.10 EUR Hold'em No Limit - Level IX (500/1000) - 2025/09/05 19:30:37 CET [2025/09/05 13:30:37 ET]
Table '3922832847 2' 8-max Seat #3 is the button
Seat 1: Invicto1893 (3560 in chips) 
Seat 2: pipinoelbreve9 (48690 in chips) 
Seat 3: tiolay33 (1870 in chips) is sitting out
Seat 5: sutiplay214 (9670 in chips) 
Seat 6: chapico (64740 in chips) 
Seat 7: antonio57872 (28590 in chips) 
Seat 8: NopeKarma (44545 in chips) 
Invicto1893: posts the ante 100
pipinoelbreve9: posts the ante 100
tiolay33: posts the ante 100
sutiplay214: posts the ante 100
chapico: posts the ante 100
antonio57872: posts the ante 100
NopeKarma: posts the ante 100
sutiplay214: posts small blind 500
chapico: posts big blind 1000
*** HOLE CARDS ***
Dealt to pipinoelbreve9 [Th 7h]
antonio57872: calls 1000
NopeKarma: calls 1000
Invicto1893: folds 
pipinoelbreve9: folds 
tiolay33: folds 
sutiplay214: folds 
chapico: checks 
*** FLOP *** [4s Qd Jc]
chapico: checks 
antonio57872: bets 2000
NopeKarma: calls 2000
chapico: folds 
*** TURN *** [4s Qd Jc] [Kc]
antonio57872: bets 1000
NopeKarma: raises 5100 to 6100
antonio57872: calls 5100
*** RIVER *** [4s Qd Jc Kc] [8s]
antonio57872: bets 19390 and is all-in
MDKristian is disconnected 
NopeKarma: calls 19390
*** SHOW DOWN ***
antonio57872: shows [9s Qc] (a pair of Queens)
NopeKarma: shows [7c Kd] (a pair of Kings)
NopeKarma collected 59180 from pot
antonio57872 finished the tournament in 78th place
*** SUMMARY ***
Total pot 59180 | Rake 0 
Board [4s Qd Jc Kc 8s]
Seat 1: Invicto1893 folded before Flop (didn't bet)
Seat 2: pipinoelbreve9 folded before Flop (didn't bet)
Seat 3: tiolay33 (button) folded before Flop (didn't bet)
Seat 5: sutiplay214 (small blind) folded before Flop
Seat 6: chapico (big blind) folded on the Flop
Seat 7: antonio57872 showed [9s Qc] and lost with a pair of Queens
Seat 8: NopeKarma showed [7c Kd] and won (59180) with a pair of Kings



PokerStars Hand #257623234211: Tournament #3922832847, €0.90+€0.10 EUR Hold'em No Limit - Level IX (500/1000) - 2025/09/05 19:31:56 CET [2025/09/05 13:31:56 ET]
Table '3922832847 2' 8-max Seat #5 is the button
Seat 1: Invicto1893 (3460 in chips) 
Seat 2: pipinoelbreve9 (48590 in chips) 
Seat 3: tiolay33 (1770 in chips) is sitting out
Seat 4: MDKristian (14010 in chips) 
Seat 5: sutiplay214 (9070 in chips) 
Seat 6: chapico (63640 in chips) 
Seat 8: NopeKarma (75135 in chips) 
Invicto1893: posts the ante 100
pipinoelbreve9: posts the ante 100
tiolay33: posts the ante 100
MDKristian: posts the ante 100
sutiplay214: posts the ante 100
chapico: posts the ante 100
NopeKarma: posts the ante 100
chapico: posts small blind 500
NopeKarma: posts big blind 1000
*** HOLE CARDS ***
Dealt to pipinoelbreve9 [Ah Jh]
Invicto1893: folds 
pipinoelbreve9: raises 2000 to 3000
tiolay33: folds 
MDKristian: folds 
sutiplay214: folds 
chapico: folds 
NopeKarma: calls 2000
*** FLOP *** [Qh 8c Jc]
NopeKarma: bets 2160
pipinoelbreve9: calls 2160
*** TURN *** [Qh 8c Jc] [As]
NopeKarma: bets 4456
pipinoelbreve9: raises 7544 to 12000
NopeKarma: folds 
Uncalled bet (7544) returned to pipinoelbreve9
pipinoelbreve9 collected 20432 from pot
pipinoelbreve9: doesn't show hand 
*** SUMMARY ***
Total pot 20432 | Rake 0 
Board [Qh 8c Jc As]
Seat 1: Invicto1893 folded before Flop (didn't bet)
Seat 2: pipinoelbreve9 collected (20432)
Seat 3: tiolay33 folded before Flop (didn't bet)
Seat 4: MDKristian folded before Flop (didn't bet)
Seat 5: sutiplay214 (button) folded before Flop (didn't bet)
Seat 6: chapico (small blind) folded before Flop
Seat 8: NopeKarma (big blind) folded on the Turn



PokerStars Hand #257623248823: Tournament #3922832847, €0.90+€0.10 EUR Hold'em No Limit - Level X (600/1200) - 2025/09/05 19:33:08 CET [2025/09/05 13:33:08 ET]
Table '3922832847 2' 8-max Seat #6 is the button
Seat 1: Invicto1893 (3360 in chips) 
Seat 2: pipinoelbreve9 (59306 in chips) 
Seat 3: tiolay33 (1670 in chips) is sitting out
Seat 4: MDKristian (13910 in chips) 
Seat 5: sutiplay214 (8970 in chips) 
Seat 6: chapico (63040 in chips) 
Seat 7: iovince (3205 in chips) out of hand (moved from another table into small blind)
Seat 8: NopeKarma (65419 in chips) 
iovince will be allowed to play after the button
Invicto1893: posts the ante 120
pipinoelbreve9: posts the ante 120
tiolay33: posts the ante 120
MDKristian: posts the ante 120
sutiplay214: posts the ante 120
chapico: posts the ante 120
NopeKarma: posts the ante 120
NopeKarma: posts small blind 600
Invicto1893: posts big blind 1200
*** HOLE CARDS ***
Dealt to pipinoelbreve9 [2c 8c]
pipinoelbreve9: folds 
tiolay33: folds 
MDKristian: folds 
sutiplay214: raises 1200 to 2400
chapico: folds 
NopeKarma: folds 
Invicto1893: folds 
Uncalled bet (1200) returned to sutiplay214
sutiplay214 collected 3840 from pot
*** SUMMARY ***
Total pot 3840 | Rake 0 
Seat 1: Invicto1893 (big blind) folded before Flop
Seat 2: pipinoelbreve9 folded before Flop (didn't bet)
Seat 3: tiolay33 folded before Flop (didn't bet)
Seat 4: MDKristian folded before Flop (didn't bet)
Seat 5: sutiplay214 collected (3840)
Seat 6: chapico (button) folded before Flop (didn't bet)
Seat 8: NopeKarma (small blind) folded before Flop



PokerStars Hand #257623258438: Tournament #3922832847, €0.90+€0.10 EUR Hold'em No Limit - Level X (600/1200) - 2025/09/05 19:33:56 CET [2025/09/05 13:33:56 ET]
Table '3922832847 9' 8-max Seat #2 is the button
Seat 1: Yanguitasss (3590 in chips) is sitting out
Seat 2: olivier-6238 (16690 in chips) 
Seat 3: dirki1981 (62711 in chips) 
Seat 4: pipinoelbreve9 (59186 in chips) 
Seat 5: cocktailfred (137552 in chips) 
Seat 6: paxlubumba (59544 in chips) 
Seat 8: as2coeur57 (20810 in chips) 
Yanguitasss: posts the ante 120
olivier-6238: posts the ante 120
dirki1981: posts the ante 120
pipinoelbreve9: posts the ante 120
cocktailfred: posts the ante 120
paxlubumba: posts the ante 120
as2coeur57: posts the ante 120
dirki1981: posts small blind 600
pipinoelbreve9: posts big blind 1200
*** HOLE CARDS ***
Dealt to pipinoelbreve9 [Qd Tc]
cocktailfred: raises 3840 to 5040
paxlubumba: folds 
as2coeur57: folds 
Yanguitasss: folds 
olivier-6238: folds 
dirki1981: folds 
pipinoelbreve9: calls 3840
*** FLOP *** [8h Qc 7c]
pipinoelbreve9: checks 
cocktailfred: bets 5760
pipinoelbreve9: raises 48266 to 54026 and is all-in
cocktailfred: folds 
Uncalled bet (48266) returned to pipinoelbreve9
pipinoelbreve9 collected 23040 from pot
pipinoelbreve9: doesn't show hand 
*** SUMMARY ***
Total pot 23040 | Rake 0 
Board [8h Qc 7c]
Seat 1: Yanguitasss folded before Flop (didn't bet)
Seat 2: olivier-6238 (button) folded before Flop (didn't bet)
Seat 3: dirki1981 (small blind) folded before Flop
Seat 4: pipinoelbreve9 (big blind) collected (23040)
Seat 5: cocktailfred folded on the Flop
Seat 6: paxlubumba folded before Flop (didn't bet)
Seat 8: as2coeur57 folded before Flop (didn't bet)



PokerStars Hand #257623264225: Tournament #3922832847, €0.90+€0.10 EUR Hold'em No Limit - Level X (600/1200) - 2025/09/05 19:34:25 CET [2025/09/05 13:34:25 ET]
Table '3922832847 9' 8-max Seat #3 is the button
Seat 1: Yanguitasss (3470 in chips) is sitting out
Seat 2: olivier-6238 (16570 in chips) 
Seat 3: dirki1981 (61991 in chips) 
Seat 4: pipinoelbreve9 (71306 in chips) 
Seat 5: cocktailfred (126632 in chips) 
Seat 6: paxlubumba (59424 in chips) 
Seat 8: as2coeur57 (20690 in chips) 
Yanguitasss: posts the ante 120
olivier-6238: posts the ante 120
dirki1981: posts the ante 120
pipinoelbreve9: posts the ante 120
cocktailfred: posts the ante 120
paxlubumba: posts the ante 120
as2coeur57: posts the ante 120
pipinoelbreve9: posts small blind 600
cocktailfred: posts big blind 1200
*** HOLE CARDS ***
Dealt to pipinoelbreve9 [8c Jh]
paxlubumba: folds 
as2coeur57: folds 
Yanguitasss: folds 
olivier-6238: calls 1200
dirki1981: folds 
pipinoelbreve9: calls 600
cocktailfred: raises 4440 to 5640
olivier-6238: raises 10810 to 16450 and is all-in
pipinoelbreve9: folds 
cocktailfred: calls 10810
*** FLOP *** [9c 4d 6s]
*** TURN *** [9c 4d 6s] [Js]
*** RIVER *** [9c 4d 6s Js] [2d]
*** SHOW DOWN ***
cocktailfred: shows [5d 8s] (high card Jack)
olivier-6238: shows [6h 6c] (three of a kind, Sixes)
olivier-6238 collected 34940 from pot
*** SUMMARY ***
Total pot 34940 | Rake 0 
Board [9c 4d 6s Js 2d]
Seat 1: Yanguitasss folded before Flop (didn't bet)
Seat 2: olivier-6238 showed [6h 6c] and won (34940) with three of a kind, Sixes
Seat 3: dirki1981 (button) folded before Flop (didn't bet)
Seat 4: pipinoelbreve9 (small blind) folded before Flop
Seat 5: cocktailfred (big blind) showed [5d 8s] and lost with high card Jack
Seat 6: paxlubumba folded before Flop (didn't bet)
Seat 8: as2coeur57 folded before Flop (didn't bet)



PokerStars Hand #257623269771: Tournament #3922832847, €0.90+€0.10 EUR Hold'em No Limit - Level X (600/1200) - 2025/09/05 19:34:53 CET [2025/09/05 13:34:53 ET]
Table '3922832847 9' 8-max Seat #4 is the button
Seat 1: Yanguitasss (3350 in chips) is sitting out
Seat 2: olivier-6238 (34940 in chips) 
Seat 3: dirki1981 (61871 in chips) 
Seat 4: pipinoelbreve9 (69986 in chips) 
Seat 5: cocktailfred (110062 in chips) 
Seat 6: paxlubumba (59304 in chips) 
Seat 8: as2coeur57 (20570 in chips) 
Yanguitasss: posts the ante 120
olivier-6238: posts the ante 120
dirki1981: posts the ante 120
pipinoelbreve9: posts the ante 120
cocktailfred: posts the ante 120
paxlubumba: posts the ante 120
as2coeur57: posts the ante 120
cocktailfred: posts small blind 600
paxlubumba: posts big blind 1200
*** HOLE CARDS ***
Dealt to pipinoelbreve9 [3h Jc]
as2coeur57: folds 
Yanguitasss: folds 
olivier-6238: calls 1200
dirki1981: folds 
pipinoelbreve9: folds 
cocktailfred: raises 4440 to 5640
paxlubumba: raises 4440 to 10080
olivier-6238: calls 8880
cocktailfred: calls 4440
*** FLOP *** [6s As 6h]
cocktailfred: checks 
paxlubumba: bets 18000
olivier-6238: raises 6740 to 24740 and is all-in
cocktailfred: folds 
paxlubumba: calls 6740
*** TURN *** [6s As 6h] [4d]
*** RIVER *** [6s As 6h 4d] [5h]
*** SHOW DOWN ***
paxlubumba: shows [3d Qd] (a pair of Sixes)
olivier-6238: shows [8c Ad] (two pair, Aces and Sixes)
olivier-6238 collected 80560 from pot
*** SUMMARY ***
Total pot 80560 | Rake 0 
Board [6s As 6h 4d 5h]
Seat 1: Yanguitasss folded before Flop (didn't bet)
Seat 2: olivier-6238 showed [8c Ad] and won (80560) with two pair, Aces and Sixes
Seat 3: dirki1981 folded before Flop (didn't bet)
Seat 4: pipinoelbreve9 (button) folded before Flop (didn't bet)
Seat 5: cocktailfred (small blind) folded on the Flop
Seat 6: paxlubumba (big blind) showed [3d Qd] and lost with a pair of Sixes
Seat 8: as2coeur57 folded before Flop (didn't bet)



PokerStars Hand #257623277886: Tournament #3922832847, €0.90+€0.10 EUR Hold'em No Limit - Level XI (800/1600) - 2025/09/05 19:35:33 CET [2025/09/05 13:35:33 ET]
Table '3922832847 9' 8-max Seat #5 is the button
Seat 1: Yanguitasss (3230 in chips) is sitting out
Seat 2: olivier-6238 (80560 in chips) 
Seat 3: dirki1981 (61751 in chips) 
Seat 4: pipinoelbreve9 (69866 in chips) 
Seat 5: cocktailfred (99862 in chips) 
Seat 6: paxlubumba (24364 in chips) 
Seat 7: JC_Pok82 (30370 in chips) 
Seat 8: as2coeur57 (20450 in chips) 
Yanguitasss: posts the ante 160
olivier-6238: posts the ante 160
dirki1981: posts the ante 160
pipinoelbreve9: posts the ante 160
cocktailfred: posts the ante 160
paxlubumba: posts the ante 160
JC_Pok82: posts the ante 160
as2coeur57: posts the ante 160
paxlubumba: posts small blind 800
JC_Pok82: posts big blind 1600
*** HOLE CARDS ***
Dealt to pipinoelbreve9 [3h Ts]
as2coeur57: calls 1600
Yanguitasss: folds 
olivier-6238: folds 
dirki1981: folds 
pipinoelbreve9: folds 
cocktailfred: raises 6880 to 8480
paxlubumba: raises 6880 to 15360
JC_Pok82: raises 14850 to 30210 and is all-in
as2coeur57: calls 18690 and is all-in
cocktailfred: folds 
paxlubumba has timed out
paxlubumba: folds 
paxlubumba is sitting out
Uncalled bet (9920) returned to JC_Pok82
paxlubumba has returned
*** FLOP *** [4s Ad 6c]
*** TURN *** [4s Ad 6c] [9d]
*** RIVER *** [4s Ad 6c 9d] [7c]
*** SHOW DOWN ***
JC_Pok82: shows [Tc Td] (a pair of Tens)
as2coeur57: shows [Jh Qs] (high card Ace)
JC_Pok82 collected 65700 from pot
as2coeur57 finished the tournament in 61st place
*** SUMMARY ***
Total pot 65700 | Rake 0 
Board [4s Ad 6c 9d 7c]
Seat 1: Yanguitasss folded before Flop (didn't bet)
Seat 2: olivier-6238 folded before Flop (didn't bet)
Seat 3: dirki1981 folded before Flop (didn't bet)
Seat 4: pipinoelbreve9 folded before Flop (didn't bet)
Seat 5: cocktailfred (button) folded before Flop
Seat 6: paxlubumba (small blind) folded before Flop
Seat 7: JC_Pok82 (big blind) showed [Tc Td] and won (65700) with a pair of Tens
Seat 8: as2coeur57 showed [Jh Qs] and lost with high card Ace



PokerStars Hand #257623286821: Tournament #3922832847, €0.90+€0.10 EUR Hold'em No Limit - Level XI (800/1600) - 2025/09/05 19:36:17 CET [2025/09/05 13:36:17 ET]
Table '3922832847 9' 8-max Seat #6 is the button
Seat 1: Yanguitasss (3070 in chips) is sitting out
Seat 2: olivier-6238 (80400 in chips) 
Seat 3: dirki1981 (61591 in chips) 
Seat 4: pipinoelbreve9 (69706 in chips) 
Seat 5: cocktailfred (91222 in chips) 
Seat 6: paxlubumba (8844 in chips) 
Seat 7: JC_Pok82 (75620 in chips) 
Yanguitasss: posts the ante 160
olivier-6238: posts the ante 160
dirki1981: posts the ante 160
pipinoelbreve9: posts the ante 160
cocktailfred: posts the ante 160
paxlubumba: posts the ante 160
JC_Pok82: posts the ante 160
JC_Pok82: posts small blind 800
Yanguitasss: posts big blind 1600
*** HOLE CARDS ***
Dealt to pipinoelbreve9 [Kh 9s]
olivier-6238: folds 
dirki1981: folds 
pipinoelbreve9: raises 3200 to 4800
cocktailfred: calls 4800
paxlubumba: raises 3884 to 8684 and is all-in
JC_Pok82: folds 
Yanguitasss: folds 
pipinoelbreve9: calls 3884
cocktailfred: raises 82378 to 91062 and is all-in
pipinoelbreve9: folds 
Uncalled bet (82378) returned to cocktailfred
*** FLOP *** [Jh Qd 2c]
*** TURN *** [Jh Qd 2c] [Td]
*** RIVER *** [Jh Qd 2c Td] [5d]
*** SHOW DOWN ***
cocktailfred: shows [Ks 6d] (high card King)
paxlubumba: shows [Ah 9d] (high card Ace)
paxlubumba collected 29572 from pot
*** SUMMARY ***
Total pot 29572 | Rake 0 
Board [Jh Qd 2c Td 5d]
Seat 1: Yanguitasss (big blind) folded before Flop
Seat 2: olivier-6238 folded before Flop (didn't bet)
Seat 3: dirki1981 folded before Flop (didn't bet)
Seat 4: pipinoelbreve9 folded before Flop
Seat 5: cocktailfred showed [Ks 6d] and lost with high card King
Seat 6: paxlubumba (button) showed [Ah 9d] and won (29572) with high card Ace
Seat 7: JC_Pok82 (small blind) folded before Flop



PokerStars Hand #257623293954: Tournament #3922832847, €0.90+€0.10 EUR Hold'em No Limit - Level XI (800/1600) - 2025/09/05 19:36:53 CET [2025/09/05 13:36:53 ET]
Table '3922832847 9' 8-max Seat #7 is the button
Seat 1: Yanguitasss (1310 in chips) is sitting out
Seat 2: olivier-6238 (80240 in chips) 
Seat 3: dirki1981 (61431 in chips) 
Seat 4: pipinoelbreve9 (60862 in chips) 
Seat 5: cocktailfred (82378 in chips) 
Seat 6: paxlubumba (29572 in chips) 
Seat 7: JC_Pok82 (74660 in chips) 
Yanguitasss: posts the ante 160
olivier-6238: posts the ante 160
dirki1981: posts the ante 160
pipinoelbreve9: posts the ante 160
cocktailfred: posts the ante 160
paxlubumba: posts the ante 160
JC_Pok82: posts the ante 160
Yanguitasss: posts small blind 800
olivier-6238: posts big blind 1600
*** HOLE CARDS ***
Dealt to pipinoelbreve9 [9d Jd]
dirki1981: folds 
pipinoelbreve9: calls 1600
cocktailfred: raises 6720 to 8320
paxlubumba: folds 
JC_Pok82: folds 
Yanguitasss: folds 
olivier-6238: raises 71760 to 80080 and is all-in
pipinoelbreve9: folds 
cocktailfred: calls 71760
*** FLOP *** [5d 7h Jc]
*** TURN *** [5d 7h Jc] [4s]
*** RIVER *** [5d 7h Jc 4s] [4h]
*** SHOW DOWN ***
olivier-6238: shows [Qs Qd] (two pair, Queens and Fours)
cocktailfred: shows [8c 8h] (two pair, Eights and Fours)
olivier-6238 collected 163680 from pot
*** SUMMARY ***
Total pot 163680 | Rake 0 
Board [5d 7h Jc 4s 4h]
Seat 1: Yanguitasss (small blind) folded before Flop
Seat 2: olivier-6238 (big blind) showed [Qs Qd] and won (163680) with two pair, Queens and Fours
Seat 3: dirki1981 folded before Flop (didn't bet)
Seat 4: pipinoelbreve9 folded before Flop
Seat 5: cocktailfred showed [8c 8h] and lost with two pair, Eights and Fours
Seat 6: paxlubumba folded before Flop (didn't bet)
Seat 7: JC_Pok82 (button) folded before Flop (didn't bet)



PokerStars Hand #257623301199: Tournament #3922832847, €0.90+€0.10 EUR Hold'em No Limit - Level XI (800/1600) - 2025/09/05 19:37:29 CET [2025/09/05 13:37:29 ET]
Table '3922832847 9' 8-max Seat #1 is the button
Seat 1: Yanguitasss (350 in chips) is sitting out
Seat 2: olivier-6238 (163680 in chips) 
Seat 3: dirki1981 (61271 in chips) 
Seat 4: pipinoelbreve9 (59102 in chips) 
Seat 5: cocktailfred (2138 in chips) 
Seat 6: paxlubumba (29412 in chips) 
Seat 7: JC_Pok82 (74500 in chips) 
Yanguitasss: posts the ante 160
olivier-6238: posts the ante 160
dirki1981: posts the ante 160
pipinoelbreve9: posts the ante 160
cocktailfred: posts the ante 160
paxlubumba: posts the ante 160
JC_Pok82: posts the ante 160
olivier-6238: posts small blind 800
dirki1981: posts big blind 1600
*** HOLE CARDS ***
Dealt to pipinoelbreve9 [6h 2s]
coeurderoi10 is disconnected 
pipinoelbreve9: folds 
cocktailfred: raises 378 to 1978 and is all-in
paxlubumba: calls 1978
JC_Pok82: folds 
Yanguitasss: folds 
olivier-6238: calls 1178
dirki1981: calls 378
*** FLOP *** [4d 8h 5h]
olivier-6238: checks 
dirki1981: checks 
paxlubumba: bets 3200
olivier-6238: calls 3200
dirki1981: folds 
*** TURN *** [4d 8h 5h] [Qh]
olivier-6238: checks 
paxlubumba: checks 
*** RIVER *** [4d 8h 5h Qh] [Ad]
olivier-6238: bets 1600
paxlubumba: raises 1600 to 3200
olivier-6238: calls 1600
*** SHOW DOWN ***
paxlubumba: shows [Qs 5d] (two pair, Queens and Fives)
olivier-6238: mucks hand 
paxlubumba collected 12800 from side pot
cocktailfred: mucks hand 
paxlubumba collected 9032 from main pot
cocktailfred finished the tournament in 55th place
*** SUMMARY ***
Total pot 21832 Main pot 9032. Side pot 12800. | Rake 0 
Board [4d 8h 5h Qh Ad]
Seat 1: Yanguitasss (button) folded before Flop (didn't bet)
Seat 2: olivier-6238 (small blind) mucked [Ac Kh]
Seat 3: dirki1981 (big blind) folded on the Flop
Seat 4: pipinoelbreve9 folded before Flop (didn't bet)
Seat 5: cocktailfred mucked [Kd Tc]
Seat 6: paxlubumba showed [Qs 5d] and won (21832) with two pair, Queens and Fives
Seat 7: JC_Pok82 folded before Flop (didn't bet)



PokerStars Hand #257623311972: Tournament #3922832847, €0.90+€0.10 EUR Hold'em No Limit - Level XII (1000/2000) - 2025/09/05 19:38:23 CET [2025/09/05 13:38:23 ET]
Table '3922832847 9' 8-max Seat #2 is the button
Seat 1: Yanguitasss (190 in chips) is sitting out
Seat 2: olivier-6238 (155142 in chips) 
Seat 3: dirki1981 (59133 in chips) 
Seat 4: pipinoelbreve9 (58942 in chips) 
Seat 6: paxlubumba (42706 in chips) 
Seat 7: JC_Pok82 (74340 in chips) 
Seat 8: coeurderoi10 (21740 in chips) 
Yanguitasss: posts the ante 190 and is all-in
olivier-6238: posts the ante 200
dirki1981: posts the ante 200
pipinoelbreve9: posts the ante 200
paxlubumba: posts the ante 200
JC_Pok82: posts the ante 200
coeurderoi10: posts the ante 200
dirki1981: posts small blind 1000
pipinoelbreve9: posts big blind 2000
*** HOLE CARDS ***
Dealt to pipinoelbreve9 [9s 2c]
paxlubumba: raises 6000 to 8000
JC_Pok82: folds 
coeurderoi10: folds 
olivier-6238: calls 8000
dirki1981: folds 
pipinoelbreve9: folds 
Yanguitasss: folds 
*** FLOP *** [9h Th Qc]
paxlubumba: bets 10000
olivier-6238: folds 
Uncalled bet (10000) returned to paxlubumba
paxlubumba collected 20390 from pot
Yanguitasss finished the tournament in 53rd place
paxlubumba: doesn't show hand 
*** SUMMARY ***
Total pot 20390 | Rake 0 
Board [9h Th Qc]
Seat 1: Yanguitasss folded before Flop (didn't bet)
Seat 2: olivier-6238 (button) folded on the Flop
Seat 3: dirki1981 (small blind) folded before Flop
Seat 4: pipinoelbreve9 (big blind) folded before Flop
Seat 6: paxlubumba collected (20390)
Seat 7: JC_Pok82 folded before Flop (didn't bet)
Seat 8: coeurderoi10 folded before Flop (didn't bet)



PokerStars Hand #257623316416: Tournament #3922832847, €0.90+€0.10 EUR Hold'em No Limit - Level XII (1000/2000) - 2025/09/05 19:38:45 CET [2025/09/05 13:38:45 ET]
Table '3922832847 9' 8-max Seat #3 is the button
Seat 2: olivier-6238 (146942 in chips) 
Seat 3: dirki1981 (57933 in chips) 
Seat 4: pipinoelbreve9 (56742 in chips) 
Seat 6: paxlubumba (54896 in chips) 
Seat 7: JC_Pok82 (74140 in chips) 
Seat 8: coeurderoi10 (21540 in chips) 
olivier-6238: posts the ante 200
dirki1981: posts the ante 200
pipinoelbreve9: posts the ante 200
paxlubumba: posts the ante 200
JC_Pok82: posts the ante 200
coeurderoi10: posts the ante 200
pipinoelbreve9: posts small blind 1000
paxlubumba: posts big blind 2000
*** HOLE CARDS ***
Dealt to pipinoelbreve9 [9d 8h]
JC_Pok82: folds 
coeurderoi10: folds 
olivier-6238: calls 2000
dirki1981: calls 2000
pipinoelbreve9: calls 1000
paxlubumba: raises 8000 to 10000
olivier-6238: calls 8000
dirki1981: calls 8000
pipinoelbreve9: folds 
*** FLOP *** [5d 8d 4s]
paxlubumba: bets 20000
olivier-6238: raises 116742 to 136742 and is all-in
dirki1981: folds 
nunowhite is disconnected 
paxlubumba: calls 24696 and is all-in
Uncalled bet (92046) returned to olivier-6238
*** TURN *** [5d 8d 4s] [3d]
*** RIVER *** [5d 8d 4s 3d] [9s]
*** SHOW DOWN ***
paxlubumba: shows [Qc Kd] (high card King)
olivier-6238: shows [7d 6s] (a straight, Five to Nine)
olivier-6238 collected 122592 from pot
paxlubumba finished the tournament in 50th place
*** SUMMARY ***
Total pot 122592 | Rake 0 
Board [5d 8d 4s 3d 9s]
Seat 2: olivier-6238 showed [7d 6s] and won (122592) with a straight, Five to Nine
Seat 3: dirki1981 (button) folded on the Flop
Seat 4: pipinoelbreve9 (small blind) folded before Flop
Seat 6: paxlubumba (big blind) showed [Qc Kd] and lost with high card King
Seat 7: JC_Pok82 folded before Flop (didn't bet)
Seat 8: coeurderoi10 folded before Flop (didn't bet)



PokerStars Hand #257623326670: Tournament #3922832847, €0.90+€0.10 EUR Hold'em No Limit - Level XII (1000/2000) - 2025/09/05 19:39:35 CET [2025/09/05 13:39:35 ET]
Table '3922832847 9' 8-max Seat #4 is the button
Seat 1: nunowhite (22030 in chips) 
Seat 2: olivier-6238 (214638 in chips) 
Seat 3: dirki1981 (47733 in chips) 
Seat 4: pipinoelbreve9 (54542 in chips) 
Seat 7: JC_Pok82 (73940 in chips) 
Seat 8: coeurderoi10 (21340 in chips) 
nunowhite: posts the ante 200
olivier-6238: posts the ante 200
dirki1981: posts the ante 200
pipinoelbreve9: posts the ante 200
JC_Pok82: posts the ante 200
coeurderoi10: posts the ante 200
JC_Pok82: posts small blind 1000
coeurderoi10: posts big blind 2000
*** HOLE CARDS ***
Dealt to pipinoelbreve9 [Qc 3d]
nunowhite: folds 
olivier-6238: calls 2000
dirki1981: folds 
pipinoelbreve9: folds 
JC_Pok82: folds 
coeurderoi10: checks 
*** FLOP *** [5c Td 7h]
coeurderoi10: checks 
olivier-6238: bets 2000
coeurderoi10: folds 
Uncalled bet (2000) returned to olivier-6238
olivier-6238 collected 6200 from pot
*** SUMMARY ***
Total pot 6200 | Rake 0 
Board [5c Td 7h]
Seat 1: nunowhite folded before Flop (didn't bet)
Seat 2: olivier-6238 collected (6200)
Seat 3: dirki1981 folded before Flop (didn't bet)
Seat 4: pipinoelbreve9 (button) folded before Flop (didn't bet)
Seat 7: JC_Pok82 (small blind) folded before Flop
Seat 8: coeurderoi10 (big blind) folded on the Flop



PokerStars Hand #257623334363: Tournament #3922832847, €0.90+€0.10 EUR Hold'em No Limit - Level XII (1000/2000) - 2025/09/05 19:40:14 CET [2025/09/05 13:40:14 ET]
Table '3922832847 9' 8-max Seat #7 is the button
Seat 1: nunowhite (21830 in chips) 
Seat 2: olivier-6238 (218638 in chips) 
Seat 3: dirki1981 (47533 in chips) 
Seat 4: pipinoelbreve9 (54342 in chips) 
Seat 5: jcpeque922 (56683 in chips) 
Seat 6: sergiocgil (49408 in chips) 
Seat 7: JC_Pok82 (72740 in chips) 
Seat 8: coeurderoi10 (19140 in chips) 
nunowhite: posts the ante 200
olivier-6238: posts the ante 200
dirki1981: posts the ante 200
pipinoelbreve9: posts the ante 200
jcpeque922: posts the ante 200
sergiocgil: posts the ante 200
JC_Pok82: posts the ante 200
coeurderoi10: posts the ante 200
coeurderoi10: posts small blind 1000
nunowhite: posts big blind 2000
*** HOLE CARDS ***
Dealt to pipinoelbreve9 [2s 4d]
olivier-6238: folds 
dirki1981: folds 
pipinoelbreve9: folds 
jcpeque922: raises 2000 to 4000
sergiocgil: folds 
JC_Pok82: calls 4000
coeurderoi10: folds 
nunowhite: calls 2000
*** FLOP *** [8s 7s 3c]
nunowhite: bets 6000
jcpeque922: raises 13300 to 19300
JC_Pok82: folds 
nunowhite: calls 11630 and is all-in
Uncalled bet (1670) returned to jcpeque922
*** TURN *** [8s 7s 3c] [Jh]
*** RIVER *** [8s 7s 3c Jh] [9h]
*** SHOW DOWN ***
nunowhite: shows [7c 3d] (two pair, Sevens and Threes)
jcpeque922: shows [7h 8d] (two pair, Eights and Sevens)
jcpeque922 collected 49860 from pot
nunowhite finished the tournament in 45th place
*** SUMMARY ***
Total pot 49860 | Rake 0 
Board [8s 7s 3c Jh 9h]
Seat 1: nunowhite (big blind) showed [7c 3d] and lost with two pair, Sevens and Threes
Seat 2: olivier-6238 folded before Flop (didn't bet)
Seat 3: dirki1981 folded before Flop (didn't bet)
Seat 4: pipinoelbreve9 folded before Flop (didn't bet)
Seat 5: jcpeque922 showed [7h 8d] and won (49860) with two pair, Eights and Sevens
Seat 6: sergiocgil folded before Flop (didn't bet)
Seat 7: JC_Pok82 (button) folded on the Flop
Seat 8: coeurderoi10 (small blind) folded before Flop



PokerStars Hand #257623341531: Tournament #3922832847, €0.90+€0.10 EUR Hold'em No Limit - Level XII (1000/2000) - 2025/09/05 19:40:50 CET [2025/09/05 13:40:50 ET]
Table '3922832847 9' 8-max Seat #8 is the button
Seat 2: olivier-6238 (218438 in chips) 
Seat 3: dirki1981 (47333 in chips) 
Seat 4: pipinoelbreve9 (54142 in chips) 
Seat 5: jcpeque922 (84713 in chips) 
Seat 6: sergiocgil (49208 in chips) 
Seat 7: JC_Pok82 (68540 in chips) 
Seat 8: coeurderoi10 (17940 in chips) 
olivier-6238: posts the ante 200
dirki1981: posts the ante 200
pipinoelbreve9: posts the ante 200
jcpeque922: posts the ante 200
sergiocgil: posts the ante 200
JC_Pok82: posts the ante 200
coeurderoi10: posts the ante 200
olivier-6238: posts small blind 1000
dirki1981: posts big blind 2000
*** HOLE CARDS ***
Dealt to pipinoelbreve9 [9d 6d]
pipinoelbreve9: folds 
jcpeque922: folds 
sergiocgil: folds 
JC_Pok82: raises 2000 to 4000
coeurderoi10: raises 13740 to 17740 and is all-in
olivier-6238: folds 
dirki1981: folds 
JC_Pok82: calls 13740
*** FLOP *** [6h Th Ts]
*** TURN *** [6h Th Ts] [Js]
*** RIVER *** [6h Th Ts Js] [5s]
*** SHOW DOWN ***
JC_Pok82: shows [6s Ad] (two pair, Tens and Sixes)
coeurderoi10: shows [7s Ah] (a pair of Tens)
JC_Pok82 collected 39880 from pot
coeurderoi10 finished the tournament in 43rd place
*** SUMMARY ***
Total pot 39880 | Rake 0 
Board [6h Th Ts Js 5s]
Seat 2: olivier-6238 (small blind) folded before Flop
Seat 3: dirki1981 (big blind) folded before Flop
Seat 4: pipinoelbreve9 folded before Flop (didn't bet)
Seat 5: jcpeque922 folded before Flop (didn't bet)
Seat 6: sergiocgil folded before Flop (didn't bet)
Seat 7: JC_Pok82 showed [6s Ad] and won (39880) with two pair, Tens and Sixes
Seat 8: coeurderoi10 (button) showed [7s Ah] and lost with a pair of Tens



PokerStars Hand #257623350274: Tournament #3922832847, €0.90+€0.10 EUR Hold'em No Limit - Level XIII (1500/3000) - 2025/09/05 19:41:34 CET [2025/09/05 13:41:34 ET]
Table '3922832847 9' 8-max Seat #2 is the button
Seat 2: olivier-6238 (217238 in chips) 
Seat 3: dirki1981 (45133 in chips) 
Seat 4: pipinoelbreve9 (53942 in chips) 
Seat 5: jcpeque922 (84513 in chips) 
Seat 6: sergiocgil (49008 in chips) 
Seat 7: JC_Pok82 (90480 in chips) 
olivier-6238: posts the ante 300
dirki1981: posts the ante 300
pipinoelbreve9: posts the ante 300
jcpeque922: posts the ante 300
sergiocgil: posts the ante 300
JC_Pok82: posts the ante 300
dirki1981: posts small blind 1500
pipinoelbreve9: posts big blind 3000
*** HOLE CARDS ***
Dealt to pipinoelbreve9 [8d Td]
jcpeque922: folds 
sergiocgil: folds 
JC_Pok82: raises 6000 to 9000
olivier-6238: folds 
dirki1981: folds 
pipinoelbreve9: calls 6000
*** FLOP *** [Qc 3h Th]
pipinoelbreve9: checks 
JC_Pok82: bets 7029
Sele987 is disconnected 
pipinoelbreve9: raises 37613 to 44642 and is all-in
JC_Pok82: calls 37613
*** TURN *** [Qc 3h Th] [Js]
*** RIVER *** [Qc 3h Th Js] [9h]
*** SHOW DOWN ***
pipinoelbreve9: shows [8d Td] (a straight, Eight to Queen)
JC_Pok82: shows [Ks Ad] (a straight, Ten to Ace)
JC_Pok82 collected 110584 from pot
pipinoelbreve9 finished the tournament in 41st place
*** SUMMARY ***
Total pot 110584 | Rake 0 
Board [Qc 3h Th Js 9h]
Seat 2: olivier-6238 (button) folded before Flop (didn't bet)
Seat 3: dirki1981 (small blind) folded before Flop
Seat 4: pipinoelbreve9 (big blind) showed [8d Td] and lost with a straight, Eight to Queen
Seat 5: jcpeque922 folded before Flop (didn't bet)
Seat 6: sergiocgil folded before Flop (didn't bet)
Seat 7: JC_Pok82 showed [Ks Ad] and won (110584) with a straight, Ten to Ace



