PokerStars Zoom Hand #257607205249:  Hold'em No Limit (€0.01/€0.02) - 2025/09/04 12:29:29 CET [2025/09/04 6:29:29 ET]
Table 'Arneb' 6-max Seat #1 is the button
Seat 1: EiramSenpai (€2.92 in chips) 
Seat 2: @RobarTevoy99 (€3.28 in chips) 
Seat 3: pipinoelbreve9 (€2 in chips) 
Seat 4: mari197721 (€1.66 in chips) 
Seat 5: seriomarkos (€2.90 in chips) 
Seat 6: MDKristian (€2.02 in chips) 
@RobarTevoy99: posts small blind €0.01
pipinoelbreve9: posts big blind €0.02
*** HOLE CARDS ***
Dealt to pipinoelbreve9 [4h Ks]
mari197721: folds 
seriomarkos: raises €0.03 to €0.05
MDKristian: calls €0.05
EiramSenpai: folds 
@RobarTevoy99: folds 
pipinoelbreve9: folds 
*** FLOP *** [4s Qh 2c]
seriomarkos: bets €0.04
MDKristian: raises €0.10 to €0.14
seriomarkos: folds 
Uncalled bet (€0.10) returned to MDKristian
MDKristian collected €0.20 from pot
MDKristian: doesn't show hand 
*** SUMMARY ***
Total pot €0.21 | Rake €0.01 
Board [4s Qh 2c]
Seat 1: EiramSenpai (button) folded before Flop (didn't bet)
Seat 2: @RobarTevoy99 (small blind) folded before Flop
Seat 3: pipinoelbreve9 (big blind) folded before Flop
Seat 4: mari197721 folded before Flop (didn't bet)
Seat 5: seriomarkos folded on the Flop
Seat 6: MDKristian collected (€0.20)



PokerStars Zoom Hand #257607206377:  Hold'em No Limit (€0.01/€0.02) - 2025/09/04 12:29:40 CET [2025/09/04 6:29:40 ET]
Table 'Arneb' 6-max Seat #1 is the button
Seat 1: poteaarte (€2.09 in chips) 
Seat 2: pipinoelbreve9 (€2 in chips) 
Seat 3: Xenon-FR (€3.48 in chips) 
Seat 4: elseneka-1 (€1.04 in chips) 
Seat 5: grenha1972 (€2.78 in chips) 
Seat 6: MDKristian (€2.40 in chips) 
pipinoelbreve9: posts small blind €0.01
Xenon-FR: posts big blind €0.02
*** HOLE CARDS ***
Dealt to pipinoelbreve9 [Kd 5c]
elseneka-1: calls €0.02
grenha1972: folds 
MDKristian: folds 
poteaarte: folds 
pipinoelbreve9: calls €0.01
Xenon-FR: checks 
*** FLOP *** [3d 9h 4d]
pipinoelbreve9: checks 
Xenon-FR: checks 
elseneka-1: checks 
*** TURN *** [3d 9h 4d] [Qd]
pipinoelbreve9: bets €0.03
Xenon-FR: folds 
elseneka-1: calls €0.03
*** RIVER *** [3d 9h 4d Qd] [Th]
pipinoelbreve9: checks 
elseneka-1: bets €0.11
pipinoelbreve9: folds 
Uncalled bet (€0.11) returned to elseneka-1
elseneka-1 collected €0.11 from pot
elseneka-1: doesn't show hand 
*** SUMMARY ***
Total pot €0.12 | Rake €0.01 
Board [3d 9h 4d Qd Th]
Seat 1: poteaarte (button) folded before Flop (didn't bet)
Seat 2: pipinoelbreve9 (small blind) folded on the River
Seat 3: Xenon-FR (big blind) folded on the Turn
Seat 4: elseneka-1 collected (€0.11)
Seat 5: grenha1972 folded before Flop (didn't bet)
Seat 6: MDKristian folded before Flop (didn't bet)



PokerStars Zoom Hand #257607209792:  Hold'em No Limit (€0.01/€0.02) - 2025/09/04 12:30:16 CET [2025/09/04 6:30:16 ET]
Table 'Arneb' 6-max Seat #1 is the button
Seat 1: burgoa89 (€3.50 in chips) 
Seat 2: MDKristian (€2.14 in chips) 
Seat 3: tidji67 (€2.35 in chips) 
Seat 4: joanmi_sanchez (€2.22 in chips) 
Seat 5: DavSnook (€1.71 in chips) 
Seat 6: pipinoelbreve9 (€2 in chips) 
MDKristian: posts small blind €0.01
tidji67: posts big blind €0.02
*** HOLE CARDS ***
Dealt to pipinoelbreve9 [Ah 6s]
joanmi_sanchez: folds 
DavSnook: folds 
pipinoelbreve9: folds 
burgoa89: raises €0.04 to €0.06
MDKristian: raises €0.16 to €0.22
tidji67: folds 
burgoa89: folds 
Uncalled bet (€0.16) returned to MDKristian
MDKristian collected €0.14 from pot
MDKristian: doesn't show hand 
*** SUMMARY ***
Total pot €0.14 | Rake €0 
Seat 1: burgoa89 (button) folded before Flop
Seat 2: MDKristian (small blind) collected (€0.14)
Seat 3: tidji67 (big blind) folded before Flop
Seat 4: joanmi_sanchez folded before Flop (didn't bet)
Seat 5: DavSnook folded before Flop (didn't bet)
Seat 6: pipinoelbreve9 folded before Flop (didn't bet)



PokerStars Zoom Hand #257607210378:  Hold'em No Limit (€0.01/€0.02) - 2025/09/04 12:30:22 CET [2025/09/04 6:30:22 ET]
Table 'Arneb' 6-max Seat #1 is the button
Seat 1: pipinoelbreve9 (€2 in chips) 
Seat 2: joanmi_sanchez (€2.22 in chips) 
Seat 3: more457 (€1.60 in chips) 
Seat 4: DavSnook (€2.92 in chips) 
Seat 5: burgoa89 (€2.80 in chips) 
Seat 6: FELIPE439 (€1.54 in chips) 
joanmi_sanchez: posts small blind €0.01
more457: posts big blind €0.02
*** HOLE CARDS ***
Dealt to pipinoelbreve9 [Ks 3c]
DavSnook: folds 
burgoa89: folds 
FELIPE439: folds 
pipinoelbreve9: raises €0.04 to €0.06
joanmi_sanchez: folds 
more457: calls €0.04
*** FLOP *** [8h 4c 7c]
more457: checks 
pipinoelbreve9: checks 
*** TURN *** [8h 4c 7c] [6c]
more457: checks 
pipinoelbreve9: bets €0.06
more457: folds 
Uncalled bet (€0.06) returned to pipinoelbreve9
pipinoelbreve9 collected €0.12 from pot
pipinoelbreve9: doesn't show hand 
*** SUMMARY ***
Total pot €0.13 | Rake €0.01 
Board [8h 4c 7c 6c]
Seat 1: pipinoelbreve9 (button) collected (€0.12)
Seat 2: joanmi_sanchez (small blind) folded before Flop
Seat 3: more457 (big blind) folded on the Turn
Seat 4: DavSnook folded before Flop (didn't bet)
Seat 5: burgoa89 folded before Flop (didn't bet)
Seat 6: FELIPE439 folded before Flop (didn't bet)



PokerStars Zoom Hand #257607215175:  Hold'em No Limit (€0.01/€0.02) - 2025/09/04 12:31:11 CET [2025/09/04 6:31:11 ET]
Table 'Arneb' 6-max Seat #1 is the button
Seat 1: sorceline (€1.57 in chips) 
Seat 2: Xplotas (€1.58 in chips) 
Seat 3: D Tasmania (€2.08 in chips) 
Seat 4: pipinoelbreve9 (€2.06 in chips) 
Seat 5: seriomarkos (€2.24 in chips) 
Seat 6: MDKristian (€2 in chips) 
Xplotas: posts small blind €0.01
D Tasmania: posts big blind €0.02
*** HOLE CARDS ***
Dealt to pipinoelbreve9 [8s 2d]
pipinoelbreve9: folds 
seriomarkos: folds 
MDKristian: folds 
sorceline: folds 
Xplotas: folds 
Uncalled bet (€0.01) returned to D Tasmania
D Tasmania collected €0.02 from pot
D Tasmania: doesn't show hand 
*** SUMMARY ***
Total pot €0.02 | Rake €0 
Seat 1: sorceline (button) folded before Flop (didn't bet)
Seat 2: Xplotas (small blind) folded before Flop
Seat 3: D Tasmania (big blind) collected (€0.02)
Seat 4: pipinoelbreve9 folded before Flop (didn't bet)
Seat 5: seriomarkos folded before Flop (didn't bet)
Seat 6: MDKristian folded before Flop (didn't bet)



PokerStars Zoom Hand #257607215794:  Hold'em No Limit (€0.01/€0.02) - 2025/09/04 12:31:18 CET [2025/09/04 6:31:18 ET]
Table 'Arneb' 6-max Seat #1 is the button
Seat 1: MDKristian (€2 in chips) 
Seat 2: FELIPE439 (€2.25 in chips) 
Seat 3: QUIQUE JONES (€1 in chips) 
Seat 4: poteaarte (€2 in chips) 
Seat 5: joanmi_sanchez (€3.34 in chips) 
Seat 6: pipinoelbreve9 (€2.06 in chips) 
FELIPE439: posts small blind €0.01
QUIQUE JONES: posts big blind €0.02
*** HOLE CARDS ***
Dealt to pipinoelbreve9 [4h 7c]
poteaarte: folds 
joanmi_sanchez: folds 
pipinoelbreve9: folds 
MDKristian: folds 
FELIPE439: raises €0.04 to €0.06
QUIQUE JONES: folds 
Uncalled bet (€0.04) returned to FELIPE439
FELIPE439 collected €0.04 from pot
FELIPE439: doesn't show hand 
*** SUMMARY ***
Total pot €0.04 | Rake €0 
Seat 1: MDKristian (button) folded before Flop (didn't bet)
Seat 2: FELIPE439 (small blind) collected (€0.04)
Seat 3: QUIQUE JONES (big blind) folded before Flop
Seat 4: poteaarte folded before Flop (didn't bet)
Seat 5: joanmi_sanchez folded before Flop (didn't bet)
Seat 6: pipinoelbreve9 folded before Flop (didn't bet)



PokerStars Zoom Hand #257607216278:  Hold'em No Limit (€0.01/€0.02) - 2025/09/04 12:31:23 CET [2025/09/04 6:31:23 ET]
Table 'Arneb' 6-max Seat #1 is the button
Seat 1: FELIPE439 (€1.53 in chips) 
Seat 2: MDKristian (€2 in chips) 
Seat 3: pipinoelbreve9 (€2.06 in chips) 
Seat 4: burgoa89 (€3.41 in chips) 
Seat 5: @RobarTevoy99 (€1.61 in chips) 
Seat 6: Asensiaco (€1.47 in chips) 
MDKristian: posts small blind €0.01
pipinoelbreve9: posts big blind €0.02
*** HOLE CARDS ***
Dealt to pipinoelbreve9 [Ks Jd]
burgoa89: folds 
@RobarTevoy99: folds 
Asensiaco: folds 
FELIPE439: folds 
MDKristian: folds 
Uncalled bet (€0.01) returned to pipinoelbreve9
pipinoelbreve9 collected €0.02 from pot
pipinoelbreve9: doesn't show hand 
*** SUMMARY ***
Total pot €0.02 | Rake €0 
Seat 1: FELIPE439 (button) folded before Flop (didn't bet)
Seat 2: MDKristian (small blind) folded before Flop
Seat 3: pipinoelbreve9 (big blind) collected (€0.02)
Seat 4: burgoa89 folded before Flop (didn't bet)
Seat 5: @RobarTevoy99 folded before Flop (didn't bet)
Seat 6: Asensiaco folded before Flop (didn't bet)



PokerStars Zoom Hand #257607214489:  Hold'em No Limit (€0.01/€0.02) - 2025/09/04 12:31:04 CET [2025/09/04 6:31:04 ET]
Table 'Arneb' 6-max Seat #1 is the button
Seat 1: D Tasmania (€2.08 in chips) 
Seat 2: seriomarkos (€2.25 in chips) 
Seat 3: ehbraga (€1.12 in chips) 
Seat 4: pipinoelbreve9 (€2.06 in chips) 
Seat 5: SrLyrox (€4.91 in chips) 
Seat 6: @RobarTevoy99 (€1.76 in chips) 
seriomarkos: posts small blind €0.01
ehbraga: posts big blind €0.02
*** HOLE CARDS ***
Dealt to pipinoelbreve9 [Kd 3d]
pipinoelbreve9: folds 
SrLyrox: folds 
@RobarTevoy99: raises €0.05 to €0.07
D Tasmania: folds 
seriomarkos: folds 
ehbraga: raises €0.15 to €0.22
@RobarTevoy99: calls €0.15
*** FLOP *** [5d Kh 2d]
ehbraga: bets €0.43
@RobarTevoy99: folds 
Uncalled bet (€0.43) returned to ehbraga
ehbraga collected €0.43 from pot
ehbraga: doesn't show hand 
*** SUMMARY ***
Total pot €0.45 | Rake €0.02 
Board [5d Kh 2d]
Seat 1: D Tasmania (button) folded before Flop (didn't bet)
Seat 2: seriomarkos (small blind) folded before Flop
Seat 3: ehbraga (big blind) collected (€0.43)
Seat 4: pipinoelbreve9 folded before Flop (didn't bet)
Seat 5: SrLyrox folded before Flop (didn't bet)
Seat 6: @RobarTevoy99 folded on the Flop



PokerStars Zoom Hand #257607217680:  Hold'em No Limit (€0.01/€0.02) - 2025/09/04 12:31:38 CET [2025/09/04 6:31:38 ET]
Table 'Arneb' 6-max Seat #1 is the button
Seat 1: ehbraga (€0.65 in chips) 
Seat 2: pipinoelbreve9 (€2.07 in chips) 
Seat 3: grenha1972 (€1.17 in chips) 
Seat 4: D Tasmania (€1.50 in chips) 
Seat 5: Angelo697 (€0.91 in chips) 
Seat 6: José A. A. (€2.17 in chips) 
pipinoelbreve9: posts small blind €0.01
grenha1972: posts big blind €0.02
*** HOLE CARDS ***
Dealt to pipinoelbreve9 [3d 7d]
D Tasmania: folds 
Angelo697: folds 
José A. A.: folds 
ehbraga: folds 
pipinoelbreve9: folds 
Uncalled bet (€0.01) returned to grenha1972
grenha1972 collected €0.02 from pot
grenha1972: doesn't show hand 
*** SUMMARY ***
Total pot €0.02 | Rake €0 
Seat 1: ehbraga (button) folded before Flop (didn't bet)
Seat 2: pipinoelbreve9 (small blind) folded before Flop
Seat 3: grenha1972 (big blind) collected (€0.02)
Seat 4: D Tasmania folded before Flop (didn't bet)
Seat 5: Angelo697 folded before Flop (didn't bet)
Seat 6: José A. A. folded before Flop (didn't bet)



PokerStars Zoom Hand #257607218243:  Hold'em No Limit (€0.01/€0.02) - 2025/09/04 12:31:44 CET [2025/09/04 6:31:44 ET]
Table 'Arneb' 6-max Seat #1 is the button
Seat 1: José A. A. (€2.17 in chips) 
Seat 2: MDKristian (€2.59 in chips) 
Seat 3: FELIPE439 (€1.53 in chips) 
Seat 4: Penha17213 (€2.06 in chips) 
Seat 5: pipinoelbreve9 (€2.06 in chips) 
Seat 6: D Tasmania (€1.49 in chips) 
MDKristian: posts small blind €0.01
FELIPE439: posts big blind €0.02
*** HOLE CARDS ***
Dealt to pipinoelbreve9 [3s 2c]
Penha17213: folds 
pipinoelbreve9: folds 
D Tasmania: folds 
José A. A.: folds 
MDKristian: folds 
Uncalled bet (€0.01) returned to FELIPE439
FELIPE439 collected €0.02 from pot
FELIPE439: doesn't show hand 
*** SUMMARY ***
Total pot €0.02 | Rake €0 
Seat 1: José A. A. (button) folded before Flop (didn't bet)
Seat 2: MDKristian (small blind) folded before Flop
Seat 3: FELIPE439 (big blind) collected (€0.02)
Seat 4: Penha17213 folded before Flop (didn't bet)
Seat 5: pipinoelbreve9 folded before Flop (didn't bet)
Seat 6: D Tasmania folded before Flop (didn't bet)



PokerStars Zoom Hand #257607219192:  Hold'em No Limit (€0.01/€0.02) - 2025/09/04 12:31:53 CET [2025/09/04 6:31:53 ET]
Table 'Arneb' 6-max Seat #1 is the button
Seat 1: pipinoelbreve9 (€2.06 in chips) 
Seat 2: burgoa89 (€2.81 in chips) 
Seat 3: tidji67 (€1.25 in chips) 
Seat 4: José A. A. (€2.17 in chips) 
Seat 5: D Tasmania (€1.49 in chips) 
Seat 6: joanmi_sanchez (€2.08 in chips) 
burgoa89: posts small blind €0.01
tidji67: posts big blind €0.02
*** HOLE CARDS ***
Dealt to pipinoelbreve9 [Ac 3c]
José A. A.: folds 
D Tasmania: folds 
joanmi_sanchez: raises €0.03 to €0.05
pipinoelbreve9: calls €0.05
burgoa89: folds 
tidji67: folds 
*** FLOP *** [6h 8s 6s]
joanmi_sanchez: bets €0.04
pipinoelbreve9: calls €0.04
*** TURN *** [6h 8s 6s] [Qs]
joanmi_sanchez: bets €0.15
pipinoelbreve9: folds 
Uncalled bet (€0.15) returned to joanmi_sanchez
joanmi_sanchez collected €0.20 from pot
joanmi_sanchez: doesn't show hand 
*** SUMMARY ***
Total pot €0.21 | Rake €0.01 
Board [6h 8s 6s Qs]
Seat 1: pipinoelbreve9 (button) folded on the Turn
Seat 2: burgoa89 (small blind) folded before Flop
Seat 3: tidji67 (big blind) folded before Flop
Seat 4: José A. A. folded before Flop (didn't bet)
Seat 5: D Tasmania folded before Flop (didn't bet)
Seat 6: joanmi_sanchez collected (€0.20)



PokerStars Zoom Hand #257607223657:  Hold'em No Limit (€0.01/€0.02) - 2025/09/04 12:32:40 CET [2025/09/04 6:32:40 ET]
Table 'Arneb' 6-max Seat #1 is the button
Seat 1: tidji67 (€2.21 in chips) 
Seat 2: poteaarte (€1.98 in chips) 
Seat 3: SrLyrox (€5.29 in chips) 
Seat 4: DavSnook (€1.22 in chips) 
Seat 5: MDKristian (€2.68 in chips) 
Seat 6: pipinoelbreve9 (€2 in chips) 
poteaarte: posts small blind €0.01
SrLyrox: posts big blind €0.02
*** HOLE CARDS ***
Dealt to pipinoelbreve9 [Qh 9h]
DavSnook: folds 
MDKristian: folds 
pipinoelbreve9: raises €0.04 to €0.06
tidji67: folds 
poteaarte: folds 
SrLyrox: calls €0.04
*** FLOP *** [Jh Ks 2d]
SrLyrox: checks 
pipinoelbreve9: bets €0.06
SrLyrox: calls €0.06
*** TURN *** [Jh Ks 2d] [6h]
SrLyrox: checks 
pipinoelbreve9: bets €0.20
SrLyrox: folds 
Uncalled bet (€0.20) returned to pipinoelbreve9
pipinoelbreve9 collected €0.24 from pot
pipinoelbreve9: doesn't show hand 
*** SUMMARY ***
Total pot €0.25 | Rake €0.01 
Board [Jh Ks 2d 6h]
Seat 1: tidji67 (button) folded before Flop (didn't bet)
Seat 2: poteaarte (small blind) folded before Flop
Seat 3: SrLyrox (big blind) folded on the Turn
Seat 4: DavSnook folded before Flop (didn't bet)
Seat 5: MDKristian folded before Flop (didn't bet)
Seat 6: pipinoelbreve9 collected (€0.24)



PokerStars Zoom Hand #257607228869:  Hold'em No Limit (€0.01/€0.02) - 2025/09/04 12:33:33 CET [2025/09/04 6:33:33 ET]
Table 'Arneb' 6-max Seat #1 is the button
Seat 1: D Tasmania (€1.56 in chips) 
Seat 2: 34Sirina (€0.87 in chips) 
Seat 3: pipinoelbreve9 (€2.12 in chips) 
Seat 4: tidji67 (€1.52 in chips) 
Seat 5: burgoa89 (€3.28 in chips) 
Seat 6: MDKristian (€2 in chips) 
34Sirina: posts small blind €0.01
pipinoelbreve9: posts big blind €0.02
*** HOLE CARDS ***
Dealt to pipinoelbreve9 [9h 6c]
tidji67: folds 
burgoa89: folds 
MDKristian: folds 
D Tasmania: raises €0.03 to €0.05
34Sirina: folds 
pipinoelbreve9: folds 
Uncalled bet (€0.03) returned to D Tasmania
D Tasmania collected €0.05 from pot
D Tasmania: doesn't show hand 
*** SUMMARY ***
Total pot €0.05 | Rake €0 
Seat 1: D Tasmania (button) collected (€0.05)
Seat 2: 34Sirina (small blind) folded before Flop
Seat 3: pipinoelbreve9 (big blind) folded before Flop
Seat 4: tidji67 folded before Flop (didn't bet)
Seat 5: burgoa89 folded before Flop (didn't bet)
Seat 6: MDKristian folded before Flop (didn't bet)



PokerStars Zoom Hand #257607230272:  Hold'em No Limit (€0.01/€0.02) - 2025/09/04 12:33:46 CET [2025/09/04 6:33:46 ET]
Table 'Arneb' 6-max Seat #1 is the button
Seat 1: mari197721 (€2 in chips) 
Seat 2: @RobarTevoy99 (€2.21 in chips) 
Seat 3: José A. A. (€2.31 in chips) 
Seat 4: pipinoelbreve9 (€2.10 in chips) 
Seat 5: burgoa89 (€2.86 in chips) 
Seat 6: MDKristian (€3.55 in chips) 
@RobarTevoy99: posts small blind €0.01
José A. A.: posts big blind €0.02
*** HOLE CARDS ***
Dealt to pipinoelbreve9 [2h Jc]
pipinoelbreve9: folds 
burgoa89: raises €0.04 to €0.06
MDKristian: folds 
mari197721: calls €0.06
@RobarTevoy99: folds 
José A. A.: folds 
*** FLOP *** [2s Js 2d]
burgoa89: checks 
mari197721: checks 
*** TURN *** [2s Js 2d] [5s]
burgoa89: checks 
mari197721: checks 
*** RIVER *** [2s Js 2d 5s] [7c]
burgoa89: checks 
mari197721: checks 
*** SHOW DOWN ***
burgoa89: shows [As Kd] (a pair of Deuces)
mari197721: mucks hand 
burgoa89 collected €0.14 from pot
*** SUMMARY ***
Total pot €0.15 | Rake €0.01 
Board [2s Js 2d 5s 7c]
Seat 1: mari197721 (button) mucked [Ts 9c]
Seat 2: @RobarTevoy99 (small blind) folded before Flop
Seat 3: José A. A. (big blind) folded before Flop
Seat 4: pipinoelbreve9 folded before Flop (didn't bet)
Seat 5: burgoa89 showed [As Kd] and won (€0.14) with a pair of Deuces
Seat 6: MDKristian folded before Flop (didn't bet)



PokerStars Zoom Hand #257607230902:  Hold'em No Limit (€0.01/€0.02) - 2025/09/04 12:33:53 CET [2025/09/04 6:33:53 ET]
Table 'Arneb' 6-max Seat #1 is the button
Seat 1: Xplotas (€1.62 in chips) 
Seat 2: pipinoelbreve9 (€2.10 in chips) 
Seat 3: MDKristian (€2 in chips) 
Seat 4: SrLyrox (€5.20 in chips) 
Seat 5: seriomarkos (€2.78 in chips) 
Seat 6: @RobarTevoy99 (€2.20 in chips) 
pipinoelbreve9: posts small blind €0.01
MDKristian: posts big blind €0.02
*** HOLE CARDS ***
Dealt to pipinoelbreve9 [Jd Js]
SrLyrox: folds 
seriomarkos: folds 
@RobarTevoy99: folds 
Xplotas: folds 
pipinoelbreve9: raises €0.04 to €0.06
MDKristian: calls €0.04
*** FLOP *** [Qc 5c Ah]
pipinoelbreve9: bets €0.04
MDKristian: raises €0.04 to €0.08
pipinoelbreve9: calls €0.04
*** TURN *** [Qc 5c Ah] [2c]
pipinoelbreve9: checks 
MDKristian: checks 
*** RIVER *** [Qc 5c Ah 2c] [2h]
pipinoelbreve9: checks 
MDKristian: checks 
*** SHOW DOWN ***
pipinoelbreve9: shows [Jd Js] (two pair, Jacks and Deuces)
MDKristian: shows [3d As] (two pair, Aces and Deuces)
MDKristian collected €0.27 from pot
*** SUMMARY ***
Total pot €0.28 | Rake €0.01 
Board [Qc 5c Ah 2c 2h]
Seat 1: Xplotas (button) folded before Flop (didn't bet)
Seat 2: pipinoelbreve9 (small blind) showed [Jd Js] and lost with two pair, Jacks and Deuces
Seat 3: MDKristian (big blind) showed [3d As] and won (€0.27) with two pair, Aces and Deuces
Seat 4: SrLyrox folded before Flop (didn't bet)
Seat 5: seriomarkos folded before Flop (didn't bet)
Seat 6: @RobarTevoy99 folded before Flop (didn't bet)



PokerStars Zoom Hand #257607228419:  Hold'em No Limit (€0.01/€0.02) - 2025/09/04 12:33:29 CET [2025/09/04 6:33:29 ET]
Table 'Arneb' 6-max Seat #1 is the button
Seat 1: pipinoelbreve9 (€2.12 in chips) 
Seat 2: DavSnook (€5.54 in chips) 
Seat 3: aaronroxi (€2.10 in chips) 
Seat 4: Grenaund_ (€2.49 in chips) 
Seat 5: ehbraga (€0.97 in chips) 
Seat 6: seriomarkos (€2.17 in chips) 
DavSnook: posts small blind €0.01
aaronroxi: posts big blind €0.02
*** HOLE CARDS ***
Dealt to pipinoelbreve9 [7c 2s]
Grenaund_: raises €0.02 to €0.04
ehbraga: folds 
seriomarkos: calls €0.04
pipinoelbreve9: folds 
DavSnook: folds 
aaronroxi: calls €0.02
*** FLOP *** [Tc 4d 3s]
aaronroxi: checks 
Grenaund_: checks 
seriomarkos: checks 
*** TURN *** [Tc 4d 3s] [4c]
aaronroxi: checks 
Grenaund_: checks 
seriomarkos: checks 
*** RIVER *** [Tc 4d 3s 4c] [8c]
aaronroxi: checks 
Grenaund_: checks 
seriomarkos: checks 
*** SHOW DOWN ***
aaronroxi: shows [9h 6h] (a pair of Fours)
Grenaund_: shows [As 7h] (a pair of Fours - Ace kicker)
seriomarkos: shows [8d Qd] (two pair, Eights and Fours)
seriomarkos collected €0.12 from pot
*** SUMMARY ***
Total pot €0.13 | Rake €0.01 
Board [Tc 4d 3s 4c 8c]
Seat 1: pipinoelbreve9 (button) folded before Flop (didn't bet)
Seat 2: DavSnook (small blind) folded before Flop
Seat 3: aaronroxi (big blind) showed [9h 6h] and lost with a pair of Fours
Seat 4: Grenaund_ showed [As 7h] and lost with a pair of Fours
Seat 5: ehbraga folded before Flop (didn't bet)
Seat 6: seriomarkos showed [8d Qd] and won (€0.12) with two pair, Eights and Fours



PokerStars Zoom Hand #257607234568:  Hold'em No Limit (€0.01/€0.02) - 2025/09/04 12:34:29 CET [2025/09/04 6:34:29 ET]
Table 'Arneb' 6-max Seat #1 is the button
Seat 1: MDKristian (€2.13 in chips) 
Seat 2: FELIPE439 (€2.20 in chips) 
Seat 3: DavSnook (€5.54 in chips) 
Seat 4: D Tasmania (€1.56 in chips) 
Seat 5: pipinoelbreve9 (€2 in chips) 
Seat 6: more457 (€1.69 in chips) 
FELIPE439: posts small blind €0.01
DavSnook: posts big blind €0.02
*** HOLE CARDS ***
Dealt to pipinoelbreve9 [9c 3h]
D Tasmania: folds 
pipinoelbreve9: folds 
more457: folds 
MDKristian: raises €0.04 to €0.06
FELIPE439: folds 
DavSnook: raises €0.13 to €0.19
MDKristian: folds 
Uncalled bet (€0.13) returned to DavSnook
DavSnook collected €0.13 from pot
DavSnook: doesn't show hand 
*** SUMMARY ***
Total pot €0.13 | Rake €0 
Seat 1: MDKristian (button) folded before Flop
Seat 2: FELIPE439 (small blind) folded before Flop
Seat 3: DavSnook (big blind) collected (€0.13)
Seat 4: D Tasmania folded before Flop (didn't bet)
Seat 5: pipinoelbreve9 folded before Flop (didn't bet)
Seat 6: more457 folded before Flop (didn't bet)



PokerStars Zoom Hand #257607235097:  Hold'em No Limit (€0.01/€0.02) - 2025/09/04 12:34:34 CET [2025/09/04 6:34:34 ET]
Table 'Arneb' 6-max Seat #1 is the button
Seat 1: Asensiaco (€1.59 in chips) 
Seat 2: @RobarTevoy99 (€2.18 in chips) 
Seat 3: pipinoelbreve9 (€2 in chips) 
Seat 4: tidji67 (€2.27 in chips) 
Seat 5: poteaarte (€2.04 in chips) 
Seat 6: José A. A. (€2.26 in chips) 
@RobarTevoy99: posts small blind €0.01
pipinoelbreve9: posts big blind €0.02
*** HOLE CARDS ***
Dealt to pipinoelbreve9 [2s 9d]
tidji67: folds 
poteaarte: folds 
José A. A.: folds 
Asensiaco: folds 
@RobarTevoy99: folds 
Uncalled bet (€0.01) returned to pipinoelbreve9
pipinoelbreve9 collected €0.02 from pot
pipinoelbreve9: doesn't show hand 
*** SUMMARY ***
Total pot €0.02 | Rake €0 
Seat 1: Asensiaco (button) folded before Flop (didn't bet)
Seat 2: @RobarTevoy99 (small blind) folded before Flop
Seat 3: pipinoelbreve9 (big blind) collected (€0.02)
Seat 4: tidji67 folded before Flop (didn't bet)
Seat 5: poteaarte folded before Flop (didn't bet)
Seat 6: José A. A. folded before Flop (didn't bet)



PokerStars Zoom Hand #257607237149:  Hold'em No Limit (€0.01/€0.02) - 2025/09/04 12:34:54 CET [2025/09/04 6:34:54 ET]
Table 'Arneb' 6-max Seat #1 is the button
Seat 1: burgoa89 (€3.56 in chips) 
Seat 2: pipinoelbreve9 (€2.01 in chips) 
Seat 3: poteaarte (€2.04 in chips) 
Seat 4: MDKristian (€2.07 in chips) 
Seat 5: FELIPE439 (€2.19 in chips) 
Seat 6: QUIQUE JONES (€0.75 in chips) 
pipinoelbreve9: posts small blind €0.01
poteaarte: posts big blind €0.02
*** HOLE CARDS ***
Dealt to pipinoelbreve9 [2h 8s]
MDKristian: folds 
FELIPE439: folds 
QUIQUE JONES: raises €0.02 to €0.04
burgoa89: folds 
pipinoelbreve9: folds 
poteaarte: raises €0.11 to €0.15
QUIQUE JONES: folds 
Uncalled bet (€0.11) returned to poteaarte
poteaarte collected €0.09 from pot
poteaarte: doesn't show hand 
*** SUMMARY ***
Total pot €0.09 | Rake €0 
Seat 1: burgoa89 (button) folded before Flop (didn't bet)
Seat 2: pipinoelbreve9 (small blind) folded before Flop
Seat 3: poteaarte (big blind) collected (€0.09)
Seat 4: MDKristian folded before Flop (didn't bet)
Seat 5: FELIPE439 folded before Flop (didn't bet)
Seat 6: QUIQUE JONES folded before Flop



PokerStars Zoom Hand #257607238016:  Hold'em No Limit (€0.01/€0.02) - 2025/09/04 12:35:03 CET [2025/09/04 6:35:03 ET]
Table 'Arneb' 6-max Seat #1 is the button
Seat 1: DavSnook (€1.11 in chips) 
Seat 2: @RobarTevoy99 (€3.76 in chips) 
Seat 3: ocsur (€2.06 in chips) 
Seat 4: seriomarkos (€8.09 in chips) 
Seat 5: pipinoelbreve9 (€2 in chips) 
Seat 6: marcel13013 (€3.17 in chips) 
@RobarTevoy99: posts small blind €0.01
ocsur: posts big blind €0.02
*** HOLE CARDS ***
Dealt to pipinoelbreve9 [Th 9c]
seriomarkos: folds 
pipinoelbreve9: folds 
marcel13013: folds 
DavSnook: folds 
@RobarTevoy99: folds 
Uncalled bet (€0.01) returned to ocsur
ocsur collected €0.02 from pot
ocsur: doesn't show hand 
*** SUMMARY ***
Total pot €0.02 | Rake €0 
Seat 1: DavSnook (button) folded before Flop (didn't bet)
Seat 2: @RobarTevoy99 (small blind) folded before Flop
Seat 3: ocsur (big blind) collected (€0.02)
Seat 4: seriomarkos folded before Flop (didn't bet)
Seat 5: pipinoelbreve9 folded before Flop (didn't bet)
Seat 6: marcel13013 folded before Flop (didn't bet)



PokerStars Zoom Hand #257607238446:  Hold'em No Limit (€0.01/€0.02) - 2025/09/04 12:35:07 CET [2025/09/04 6:35:07 ET]
Table 'Arneb' 6-max Seat #1 is the button
Seat 1: pipinoelbreve9 (€2 in chips) 
Seat 2: DavSnook (€2.32 in chips) 
Seat 3: seriomarkos (€8.09 in chips) 
Seat 4: José A. A. (€2.22 in chips) 
Seat 5: @RobarTevoy99 (€3.75 in chips) 
Seat 6: SrLyrox (€5.29 in chips) 
DavSnook: posts small blind €0.01
seriomarkos: posts big blind €0.02
*** HOLE CARDS ***
Dealt to pipinoelbreve9 [6s Td]
José A. A.: folds 
@RobarTevoy99: folds 
SrLyrox: folds 
pipinoelbreve9: folds 
DavSnook: folds 
Uncalled bet (€0.01) returned to seriomarkos
seriomarkos collected €0.02 from pot
seriomarkos: doesn't show hand 
*** SUMMARY ***
Total pot €0.02 | Rake €0 
Seat 1: pipinoelbreve9 (button) folded before Flop (didn't bet)
Seat 2: DavSnook (small blind) folded before Flop
Seat 3: seriomarkos (big blind) collected (€0.02)
Seat 4: José A. A. folded before Flop (didn't bet)
Seat 5: @RobarTevoy99 folded before Flop (didn't bet)
Seat 6: SrLyrox folded before Flop (didn't bet)



PokerStars Zoom Hand #257607239699:  Hold'em No Limit (€0.01/€0.02) - 2025/09/04 12:35:19 CET [2025/09/04 6:35:19 ET]
Table 'Arneb' 6-max Seat #1 is the button
Seat 1: aaronroxi (€2 in chips) 
Seat 2: joanmi_sanchez (€3.07 in chips) 
Seat 3: José A. A. (€2.04 in chips) 
Seat 4: pipinoelbreve9 (€2 in chips) 
Seat 5: poteaarte (€2.37 in chips) 
Seat 6: MDKristian (€2.09 in chips) 
joanmi_sanchez: posts small blind €0.01
José A. A.: posts big blind €0.02
*** HOLE CARDS ***
Dealt to pipinoelbreve9 [2c 4h]
pipinoelbreve9: folds 
poteaarte: raises €0.04 to €0.06
MDKristian: folds 
aaronroxi: folds 
joanmi_sanchez: folds 
José A. A.: folds 
Uncalled bet (€0.04) returned to poteaarte
poteaarte collected €0.05 from pot
poteaarte: doesn't show hand 
*** SUMMARY ***
Total pot €0.05 | Rake €0 
Seat 1: aaronroxi (button) folded before Flop (didn't bet)
Seat 2: joanmi_sanchez (small blind) folded before Flop
Seat 3: José A. A. (big blind) folded before Flop
Seat 4: pipinoelbreve9 folded before Flop (didn't bet)
Seat 5: poteaarte collected (€0.05)
Seat 6: MDKristian folded before Flop (didn't bet)



PokerStars Zoom Hand #257607240266:  Hold'em No Limit (€0.01/€0.02) - 2025/09/04 12:35:25 CET [2025/09/04 6:35:25 ET]
Table 'Arneb' 6-max Seat #1 is the button
Seat 1: Zoueleux (€2.45 in chips) 
Seat 2: tidji67 (€1.96 in chips) 
Seat 3: MDKristian (€2.09 in chips) 
Seat 4: aaronroxi (€2 in chips) 
Seat 5: DavSnook (€2.31 in chips) 
Seat 6: pipinoelbreve9 (€2 in chips) 
tidji67: posts small blind €0.01
MDKristian: posts big blind €0.02
*** HOLE CARDS ***
Dealt to pipinoelbreve9 [6d 5h]
aaronroxi: folds 
DavSnook: raises €0.05 to €0.07
pipinoelbreve9: folds 
Zoueleux: folds 
tidji67: folds 
MDKristian: folds 
Uncalled bet (€0.05) returned to DavSnook
DavSnook collected €0.05 from pot
DavSnook: doesn't show hand 
*** SUMMARY ***
Total pot €0.05 | Rake €0 
Seat 1: Zoueleux (button) folded before Flop (didn't bet)
Seat 2: tidji67 (small blind) folded before Flop
Seat 3: MDKristian (big blind) folded before Flop
Seat 4: aaronroxi folded before Flop (didn't bet)
Seat 5: DavSnook collected (€0.05)
Seat 6: pipinoelbreve9 folded before Flop (didn't bet)



PokerStars Zoom Hand #257607240790:  Hold'em No Limit (€0.01/€0.02) - 2025/09/04 12:35:30 CET [2025/09/04 6:35:30 ET]
Table 'Arneb' 6-max Seat #1 is the button
Seat 1: joanmi_sanchez (€3.06 in chips) 
Seat 2: spoke_6969 (€1.95 in chips) 
Seat 3: pipinoelbreve9 (€2 in chips) 
Seat 4: burgoa89 (€2 in chips) 
Seat 5: @RobarTevoy99 (€3.77 in chips) 
Seat 6: tidji67 (€1.95 in chips) 
spoke_6969: posts small blind €0.01
pipinoelbreve9: posts big blind €0.02
*** HOLE CARDS ***
Dealt to pipinoelbreve9 [6s 2d]
burgoa89: folds 
@RobarTevoy99: folds 
tidji67: folds 
joanmi_sanchez: folds 
spoke_6969: raises €0.04 to €0.06
pipinoelbreve9: folds 
Uncalled bet (€0.04) returned to spoke_6969
spoke_6969 collected €0.04 from pot
spoke_6969: doesn't show hand 
*** SUMMARY ***
Total pot €0.04 | Rake €0 
Seat 1: joanmi_sanchez (button) folded before Flop (didn't bet)
Seat 2: spoke_6969 (small blind) collected (€0.04)
Seat 3: pipinoelbreve9 (big blind) folded before Flop
Seat 4: burgoa89 folded before Flop (didn't bet)
Seat 5: @RobarTevoy99 folded before Flop (didn't bet)
Seat 6: tidji67 folded before Flop (didn't bet)



PokerStars Zoom Hand #257607241630:  Hold'em No Limit (€0.01/€0.02) - 2025/09/04 12:35:38 CET [2025/09/04 6:35:38 ET]
Table 'Arneb' 6-max Seat #1 is the button
Seat 1: pipinoelbreve9 (€2 in chips) 
Seat 2: grenha1972 (€2.88 in chips) 
Seat 3: burgoa89 (€3.59 in chips) 
Seat 4: joanmi_sanchez (€3.06 in chips) 
Seat 5: José A. A. (€2.23 in chips) 
Seat 6: FELIPE439 (€2.26 in chips) 
grenha1972: posts small blind €0.01
burgoa89: posts big blind €0.02
*** HOLE CARDS ***
Dealt to pipinoelbreve9 [Jd 3s]
joanmi_sanchez: folds 
José A. A.: folds 
FELIPE439: folds 
pipinoelbreve9: folds 
grenha1972: folds 
Uncalled bet (€0.01) returned to burgoa89
burgoa89 collected €0.02 from pot
burgoa89: doesn't show hand 
*** SUMMARY ***
Total pot €0.02 | Rake €0 
Seat 1: pipinoelbreve9 (button) folded before Flop (didn't bet)
Seat 2: grenha1972 (small blind) folded before Flop
Seat 3: burgoa89 (big blind) collected (€0.02)
Seat 4: joanmi_sanchez folded before Flop (didn't bet)
Seat 5: José A. A. folded before Flop (didn't bet)
Seat 6: FELIPE439 folded before Flop (didn't bet)



PokerStars Zoom Hand #257607236650:  Hold'em No Limit (€0.01/€0.02) - 2025/09/04 12:34:49 CET [2025/09/04 6:34:49 ET]
Table 'Arneb' 6-max Seat #1 is the button
Seat 1: grenha1972 (€1.07 in chips) 
Seat 2: José A. A. (€2.23 in chips) 
Seat 3: EiramSenpai (€5.48 in chips) 
Seat 4: DavSnook (€5.61 in chips) 
Seat 5: more457 (€0.81 in chips) 
Seat 6: pipinoelbreve9 (€2.01 in chips) 
José A. A.: posts small blind €0.01
EiramSenpai: posts big blind €0.02
*** HOLE CARDS ***
Dealt to pipinoelbreve9 [7d Js]
DavSnook: raises €0.05 to €0.07
more457: folds 
pipinoelbreve9: folds 
grenha1972: folds 
José A. A.: folds 
EiramSenpai: calls €0.05
*** FLOP *** [8d 9h Qh]
EiramSenpai: checks 
DavSnook: bets €0.07
EiramSenpai: calls €0.07
*** TURN *** [8d 9h Qh] [5s]
EiramSenpai: checks 
DavSnook: bets €0.14
EiramSenpai: raises €0.56 to €0.70
DavSnook: folds 
Uncalled bet (€0.56) returned to EiramSenpai
EiramSenpai collected €0.54 from pot
EiramSenpai: doesn't show hand 
*** SUMMARY ***
Total pot €0.57 | Rake €0.03 
Board [8d 9h Qh 5s]
Seat 1: grenha1972 (button) folded before Flop (didn't bet)
Seat 2: José A. A. (small blind) folded before Flop
Seat 3: EiramSenpai (big blind) collected (€0.54)
Seat 4: DavSnook folded on the Turn
Seat 5: more457 folded before Flop (didn't bet)
Seat 6: pipinoelbreve9 folded before Flop (didn't bet)



PokerStars Zoom Hand #257607242259:  Hold'em No Limit (€0.01/€0.02) - 2025/09/04 12:35:44 CET [2025/09/04 6:35:44 ET]
Table 'Arneb' 6-max Seat #1 is the button
Seat 1: joanmi_sanchez (€3.63 in chips) 
Seat 2: damastodas (€2.14 in chips) 
Seat 3: D Tasmania (€2.12 in chips) 
Seat 4: DavSnook (€1.09 in chips) 
Seat 5: pipinoelbreve9 (€2 in chips) 
Seat 6: grenha1972 (€1 in chips) 
damastodas: posts small blind €0.01
D Tasmania: posts big blind €0.02
*** HOLE CARDS ***
Dealt to pipinoelbreve9 [5c 2s]
DavSnook: folds 
pipinoelbreve9: folds 
grenha1972: folds 
joanmi_sanchez: raises €0.03 to €0.05
damastodas: folds 
D Tasmania: calls €0.03
*** FLOP *** [Tc Qd 3s]
D Tasmania: checks 
joanmi_sanchez: bets €0.03
D Tasmania: calls €0.03
*** TURN *** [Tc Qd 3s] [4h]
D Tasmania: checks 
joanmi_sanchez: checks 
*** RIVER *** [Tc Qd 3s 4h] [3h]
D Tasmania: checks 
joanmi_sanchez: bets €0.12
D Tasmania: folds 
Uncalled bet (€0.12) returned to joanmi_sanchez
joanmi_sanchez collected €0.16 from pot
joanmi_sanchez: doesn't show hand 
*** SUMMARY ***
Total pot €0.17 | Rake €0.01 
Board [Tc Qd 3s 4h 3h]
Seat 1: joanmi_sanchez (button) collected (€0.16)
Seat 2: damastodas (small blind) folded before Flop
Seat 3: D Tasmania (big blind) folded on the River
Seat 4: DavSnook folded before Flop (didn't bet)
Seat 5: pipinoelbreve9 folded before Flop (didn't bet)
Seat 6: grenha1972 folded before Flop (didn't bet)



PokerStars Zoom Hand #257607242840:  Hold'em No Limit (€0.01/€0.02) - 2025/09/04 12:35:50 CET [2025/09/04 6:35:50 ET]
Table 'Arneb' 6-max Seat #1 is the button
Seat 1: damastodas (€1.49 in chips) 
Seat 2: pipinoelbreve9 (€2 in chips) 
Seat 3: burgoa89 (€2.81 in chips) 
Seat 4: Xenon-FR (€3.41 in chips) 
Seat 5: SrLyrox (€6.50 in chips) 
Seat 6: DavSnook (€3.05 in chips) 
pipinoelbreve9: posts small blind €0.01
burgoa89: posts big blind €0.02
*** HOLE CARDS ***
Dealt to pipinoelbreve9 [Jh Kd]
Xenon-FR: folds 
SrLyrox: folds 
DavSnook: folds 
damastodas: folds 
pipinoelbreve9: raises €0.04 to €0.06
burgoa89: calls €0.04
*** FLOP *** [2c 3s Tc]
pipinoelbreve9: bets €0.04
burgoa89: calls €0.04
*** TURN *** [2c 3s Tc] [5c]
pipinoelbreve9: checks 
burgoa89: bets €0.13
pipinoelbreve9: folds 
Uncalled bet (€0.13) returned to burgoa89
burgoa89 collected €0.19 from pot
burgoa89: doesn't show hand 
*** SUMMARY ***
Total pot €0.20 | Rake €0.01 
Board [2c 3s Tc 5c]
Seat 1: damastodas (button) folded before Flop (didn't bet)
Seat 2: pipinoelbreve9 (small blind) folded on the Turn
Seat 3: burgoa89 (big blind) collected (€0.19)
Seat 4: Xenon-FR folded before Flop (didn't bet)
Seat 5: SrLyrox folded before Flop (didn't bet)
Seat 6: DavSnook folded before Flop (didn't bet)



PokerStars Zoom Hand #257607247298:  Hold'em No Limit (€0.01/€0.02) - 2025/09/04 12:36:33 CET [2025/09/04 6:36:33 ET]
Table 'Arneb' 6-max Seat #1 is the button
Seat 1: burgoa89 (€1.96 in chips) 
Seat 2: D Tasmania (€2.04 in chips) 
Seat 3: poteaarte (€2.02 in chips) 
Seat 4: pipinoelbreve9 (€2 in chips) 
Seat 5: MDKristian (€2.09 in chips) 
Seat 6: elseneka-1 (€1.67 in chips) 
D Tasmania: posts small blind €0.01
poteaarte: posts big blind €0.02
*** HOLE CARDS ***
Dealt to pipinoelbreve9 [Qc As]
pipinoelbreve9: raises €0.04 to €0.06
MDKristian: folds 
elseneka-1: folds 
burgoa89: folds 
D Tasmania: folds 
poteaarte: folds 
Uncalled bet (€0.04) returned to pipinoelbreve9
pipinoelbreve9 collected €0.05 from pot
pipinoelbreve9: doesn't show hand 
*** SUMMARY ***
Total pot €0.05 | Rake €0 
Seat 1: burgoa89 (button) folded before Flop (didn't bet)
Seat 2: D Tasmania (small blind) folded before Flop
Seat 3: poteaarte (big blind) folded before Flop
Seat 4: pipinoelbreve9 collected (€0.05)
Seat 5: MDKristian folded before Flop (didn't bet)
Seat 6: elseneka-1 folded before Flop (didn't bet)



PokerStars Zoom Hand #257607249834:  Hold'em No Limit (€0.01/€0.02) - 2025/09/04 12:36:59 CET [2025/09/04 6:36:59 ET]
Table 'Arneb' 6-max Seat #1 is the button
Seat 1: marcel13013 (€3.09 in chips) 
Seat 2: burgoa89 (€1.96 in chips) 
Seat 3: MDKristian (€2 in chips) 
Seat 4: DavSnook (€2.99 in chips) 
Seat 5: D Tasmania (€1.61 in chips) 
Seat 6: pipinoelbreve9 (€2.03 in chips) 
burgoa89: posts small blind €0.01
MDKristian: posts big blind €0.02
*** HOLE CARDS ***
Dealt to pipinoelbreve9 [9h 4h]
DavSnook: folds 
D Tasmania: raises €0.03 to €0.05
pipinoelbreve9: folds 
marcel13013: folds 
burgoa89: folds 
MDKristian: folds 
Uncalled bet (€0.03) returned to D Tasmania
D Tasmania collected €0.05 from pot
D Tasmania: doesn't show hand 
*** SUMMARY ***
Total pot €0.05 | Rake €0 
Seat 1: marcel13013 (button) folded before Flop (didn't bet)
Seat 2: burgoa89 (small blind) folded before Flop
Seat 3: MDKristian (big blind) folded before Flop
Seat 4: DavSnook folded before Flop (didn't bet)
Seat 5: D Tasmania collected (€0.05)
Seat 6: pipinoelbreve9 folded before Flop (didn't bet)



PokerStars Zoom Hand #257607249452:  Hold'em No Limit (€0.01/€0.02) - 2025/09/04 12:36:55 CET [2025/09/04 6:36:55 ET]
Table 'Arneb' 6-max Seat #1 is the button
Seat 1: poteaarte (€2 in chips) 
Seat 2: more457 (€0.70 in chips) 
Seat 3: MDKristian (€2.12 in chips) 
Seat 4: pipinoelbreve9 (€2.03 in chips) 
Seat 5: DavSnook (€2.99 in chips) 
Seat 6: burgoa89 (€3.59 in chips) 
more457: posts small blind €0.01
MDKristian: posts big blind €0.02
*** HOLE CARDS ***
Dealt to pipinoelbreve9 [5s 9c]
pipinoelbreve9: folds 
DavSnook: folds 
burgoa89: folds 
poteaarte: raises €0.04 to €0.06
more457: folds 
MDKristian: folds 
Uncalled bet (€0.04) returned to poteaarte
poteaarte collected €0.05 from pot
poteaarte: doesn't show hand 
*** SUMMARY ***
Total pot €0.05 | Rake €0 
Seat 1: poteaarte (button) collected (€0.05)
Seat 2: more457 (small blind) folded before Flop
Seat 3: MDKristian (big blind) folded before Flop
Seat 4: pipinoelbreve9 folded before Flop (didn't bet)
Seat 5: DavSnook folded before Flop (didn't bet)
Seat 6: burgoa89 folded before Flop (didn't bet)



PokerStars Zoom Hand #257607250435:  Hold'em No Limit (€0.01/€0.02) - 2025/09/04 12:37:05 CET [2025/09/04 6:37:05 ET]
Table 'Arneb' 6-max Seat #1 is the button
Seat 1: pipinoelbreve9 (€2.03 in chips) 
Seat 2: seriomarkos (€8.21 in chips) 
Seat 3: MDKristian (€2.14 in chips) 
Seat 4: @RobarTevoy99 (€1.93 in chips) 
Seat 5: Asensiaco (€4.05 in chips) 
Seat 6: Zoueleux (€1.47 in chips) 
seriomarkos: posts small blind €0.01
MDKristian: posts big blind €0.02
*** HOLE CARDS ***
Dealt to pipinoelbreve9 [Ks Qd]
@RobarTevoy99: folds 
Asensiaco: folds 
Zoueleux: raises €0.05 to €0.07
pipinoelbreve9: raises €0.11 to €0.18
seriomarkos: folds 
MDKristian: folds 
Zoueleux: folds 
Uncalled bet (€0.11) returned to pipinoelbreve9
pipinoelbreve9 collected €0.17 from pot
pipinoelbreve9: doesn't show hand 
*** SUMMARY ***
Total pot €0.17 | Rake €0 
Seat 1: pipinoelbreve9 (button) collected (€0.17)
Seat 2: seriomarkos (small blind) folded before Flop
Seat 3: MDKristian (big blind) folded before Flop
Seat 4: @RobarTevoy99 folded before Flop (didn't bet)
Seat 5: Asensiaco folded before Flop (didn't bet)
Seat 6: Zoueleux folded before Flop



PokerStars Zoom Hand #257607252614:  Hold'em No Limit (€0.01/€0.02) - 2025/09/04 12:37:26 CET [2025/09/04 6:37:26 ET]
Table 'Arneb' 6-max Seat #1 is the button
Seat 1: MDKristian (€2.02 in chips) 
Seat 2: grenha1972 (€2.82 in chips) 
Seat 3: pipinoelbreve9 (€2.13 in chips) 
Seat 4: poteaarte (€5.42 in chips) 
Seat 5: aaronroxi (€2.86 in chips) 
Seat 6: DavSnook (€2.96 in chips) 
grenha1972: posts small blind €0.01
pipinoelbreve9: posts big blind €0.02
*** HOLE CARDS ***
Dealt to pipinoelbreve9 [6d 5d]
poteaarte: folds 
aaronroxi: folds 
DavSnook: raises €0.05 to €0.07
MDKristian: folds 
grenha1972: calls €0.06
pipinoelbreve9: raises €0.23 to €0.30
DavSnook: folds 
grenha1972: folds 
Uncalled bet (€0.23) returned to pipinoelbreve9
pipinoelbreve9 collected €0.21 from pot
pipinoelbreve9: doesn't show hand 
*** SUMMARY ***
Total pot €0.21 | Rake €0 
Seat 1: MDKristian (button) folded before Flop (didn't bet)
Seat 2: grenha1972 (small blind) folded before Flop
Seat 3: pipinoelbreve9 (big blind) collected (€0.21)
Seat 4: poteaarte folded before Flop (didn't bet)
Seat 5: aaronroxi folded before Flop (didn't bet)
Seat 6: DavSnook folded before Flop



PokerStars Zoom Hand #257607255814:  Hold'em No Limit (€0.01/€0.02) - 2025/09/04 12:37:57 CET [2025/09/04 6:37:57 ET]
Table 'Arneb' 6-max Seat #1 is the button
Seat 1: @RobarTevoy99 (€3.71 in chips) 
Seat 2: D Tasmania (€1.58 in chips) 
Seat 3: tidji67 (€1.37 in chips) 
Seat 4: grenha1972 (€2.75 in chips) 
Seat 5: pipinoelbreve9 (€2.26 in chips) 
Seat 6: seriomarkos (€2.20 in chips) 
D Tasmania: posts small blind €0.01
tidji67: posts big blind €0.02
*** HOLE CARDS ***
Dealt to pipinoelbreve9 [7d 4d]
grenha1972: folds 
pipinoelbreve9: folds 
seriomarkos: folds 
@RobarTevoy99: folds 
D Tasmania: folds 
Uncalled bet (€0.01) returned to tidji67
tidji67 collected €0.02 from pot
tidji67: doesn't show hand 
*** SUMMARY ***
Total pot €0.02 | Rake €0 
Seat 1: @RobarTevoy99 (button) folded before Flop (didn't bet)
Seat 2: D Tasmania (small blind) folded before Flop
Seat 3: tidji67 (big blind) collected (€0.02)
Seat 4: grenha1972 folded before Flop (didn't bet)
Seat 5: pipinoelbreve9 folded before Flop (didn't bet)
Seat 6: seriomarkos folded before Flop (didn't bet)



PokerStars Zoom Hand #257607255321:  Hold'em No Limit (€0.01/€0.02) - 2025/09/04 12:37:52 CET [2025/09/04 6:37:52 ET]
Table 'Arneb' 6-max Seat #1 is the button
Seat 1: burgoa89 (€2.81 in chips) 
Seat 2: pipinoelbreve9 (€2.27 in chips) 
Seat 3: LaDecimaRAFA (€2.03 in chips) 
Seat 4: spoke_6969 (€2.12 in chips) 
Seat 5: QUIQUE JONES (€0.80 in chips) 
Seat 6: poteaarte (€5.40 in chips) 
pipinoelbreve9: posts small blind €0.01
LaDecimaRAFA: posts big blind €0.02
*** HOLE CARDS ***
Dealt to pipinoelbreve9 [8s 7c]
spoke_6969: raises €0.03 to €0.05
QUIQUE JONES: folds 
poteaarte: folds 
burgoa89: folds 
pipinoelbreve9: folds 
LaDecimaRAFA: calls €0.03
*** FLOP *** [Kc 6h Jd]
LaDecimaRAFA: checks 
spoke_6969: bets €0.06
LaDecimaRAFA: folds 
Uncalled bet (€0.06) returned to spoke_6969
spoke_6969 collected €0.10 from pot
spoke_6969: doesn't show hand 
*** SUMMARY ***
Total pot €0.11 | Rake €0.01 
Board [Kc 6h Jd]
Seat 1: burgoa89 (button) folded before Flop (didn't bet)
Seat 2: pipinoelbreve9 (small blind) folded before Flop
Seat 3: LaDecimaRAFA (big blind) folded on the Flop
Seat 4: spoke_6969 collected (€0.10)
Seat 5: QUIQUE JONES folded before Flop (didn't bet)
Seat 6: poteaarte folded before Flop (didn't bet)



PokerStars Zoom Hand #257607256474:  Hold'em No Limit (€0.01/€0.02) - 2025/09/04 12:38:03 CET [2025/09/04 6:38:03 ET]
Table 'Arneb' 6-max Seat #1 is the button
Seat 1: marcel13013 (€3.06 in chips) 
Seat 2: EiramSenpai (€3.92 in chips) 
Seat 3: MDKristian (€2.31 in chips) 
Seat 4: pipinoelbreve9 (€2.26 in chips) 
Seat 5: @RobarTevoy99 (€3.71 in chips) 
Seat 6: 34Sirina (€0.93 in chips) 
EiramSenpai: posts small blind €0.01
MDKristian: posts big blind €0.02
*** HOLE CARDS ***
Dealt to pipinoelbreve9 [8s 6s]
pipinoelbreve9: folds 
@RobarTevoy99: folds 
34Sirina: folds 
marcel13013: folds 
EiramSenpai: raises €0.04 to €0.06
MDKristian: calls €0.04
*** FLOP *** [Qh Td Kh]
EiramSenpai: bets €0.06
MDKristian: raises €0.12 to €0.18
EiramSenpai: folds 
Uncalled bet (€0.12) returned to MDKristian
MDKristian collected €0.23 from pot
MDKristian: doesn't show hand 
*** SUMMARY ***
Total pot €0.24 | Rake €0.01 
Board [Qh Td Kh]
Seat 1: marcel13013 (button) folded before Flop (didn't bet)
Seat 2: EiramSenpai (small blind) folded on the Flop
Seat 3: MDKristian (big blind) collected (€0.23)
Seat 4: pipinoelbreve9 folded before Flop (didn't bet)
Seat 5: @RobarTevoy99 folded before Flop (didn't bet)
Seat 6: 34Sirina folded before Flop (didn't bet)



PokerStars Zoom Hand #257607257216:  Hold'em No Limit (€0.01/€0.02) - 2025/09/04 12:38:11 CET [2025/09/04 6:38:11 ET]
Table 'Arneb' 6-max Seat #1 is the button
Seat 1: @RobarTevoy99 (€1.95 in chips) 
Seat 2: QUIQUE JONES (€0.81 in chips) 
Seat 3: grenha1972 (€2.75 in chips) 
Seat 4: pipinoelbreve9 (€2.26 in chips) 
Seat 5: MDKristian (€3.09 in chips) 
Seat 6: McMack626 (€1.97 in chips) 
QUIQUE JONES: posts small blind €0.01
grenha1972: posts big blind €0.02
*** HOLE CARDS ***
Dealt to pipinoelbreve9 [Kc Qc]
pipinoelbreve9: raises €0.04 to €0.06
MDKristian: raises €0.06 to €0.12
McMack626: calls €0.12
@RobarTevoy99: folds 
QUIQUE JONES: folds 
grenha1972: raises €2.63 to €2.75 and is all-in
pipinoelbreve9: calls €2.20 and is all-in
MDKristian: folds 
McMack626: folds 
Uncalled bet (€0.49) returned to grenha1972
*** FLOP *** [3s 3c 3h]
*** TURN *** [3s 3c 3h] [Ad]
*** RIVER *** [3s 3c 3h Ad] [4h]
*** SHOW DOWN ***
grenha1972: shows [Ks Ac] (a full house, Threes full of Aces)
pipinoelbreve9: shows [Kc Qc] (three of a kind, Threes)
grenha1972 collected €4.53 from pot
*** SUMMARY ***
Total pot €4.77 | Rake €0.24 
Board [3s 3c 3h Ad 4h]
Seat 1: @RobarTevoy99 (button) folded before Flop (didn't bet)
Seat 2: QUIQUE JONES (small blind) folded before Flop
Seat 3: grenha1972 (big blind) showed [Ks Ac] and won (€4.53) with a full house, Threes full of Aces
Seat 4: pipinoelbreve9 showed [Kc Qc] and lost with three of a kind, Threes
Seat 5: MDKristian folded before Flop
Seat 6: McMack626 folded before Flop



PokerStars Zoom Hand #257607263160:  Hold'em No Limit (€0.01/€0.02) - 2025/09/04 12:39:10 CET [2025/09/04 6:39:10 ET]
Table 'Arneb' 6-max Seat #1 is the button
Seat 1: @RobarTevoy99 (€3.69 in chips) 
Seat 2: grenha1972 (€5.02 in chips) 
Seat 3: pipinoelbreve9 (€2 in chips) 
Seat 4: burgoa89 (€2.84 in chips) 
Seat 5: damastodas (€2.56 in chips) 
Seat 6: more457 (€1.78 in chips) 
grenha1972: posts small blind €0.01
pipinoelbreve9: posts big blind €0.02
*** HOLE CARDS ***
Dealt to pipinoelbreve9 [Qs As]
burgoa89: folds 
damastodas: calls €0.02
more457: folds 
@RobarTevoy99 has timed out
@RobarTevoy99: folds 
grenha1972: calls €0.01
pipinoelbreve9: raises €0.08 to €0.10
damastodas: calls €0.08
grenha1972: calls €0.08
*** FLOP *** [7d 6c Ad]
grenha1972: checks 
pipinoelbreve9: bets €0.16
damastodas: calls €0.16
grenha1972: calls €0.16
*** TURN *** [7d 6c Ad] [7s]
grenha1972: checks 
pipinoelbreve9: bets €0.37
damastodas: folds 
grenha1972: calls €0.37
*** RIVER *** [7d 6c Ad 7s] [8s]
grenha1972: checks 
pipinoelbreve9: checks 
*** SHOW DOWN ***
grenha1972: shows [4d 2d] (a pair of Sevens)
pipinoelbreve9: shows [Qs As] (two pair, Aces and Sevens)
pipinoelbreve9 collected €1.44 from pot
*** SUMMARY ***
Total pot €1.52 | Rake €0.08 
Board [7d 6c Ad 7s 8s]
Seat 1: @RobarTevoy99 (button) folded before Flop (didn't bet)
Seat 2: grenha1972 (small blind) showed [4d 2d] and lost with a pair of Sevens
Seat 3: pipinoelbreve9 (big blind) showed [Qs As] and won (€1.44) with two pair, Aces and Sevens
Seat 4: burgoa89 folded before Flop (didn't bet)
Seat 5: damastodas folded on the Turn
Seat 6: more457 folded before Flop (didn't bet)



PokerStars Zoom Hand #257607269124:  Hold'em No Limit (€0.01/€0.02) - 2025/09/04 12:40:08 CET [2025/09/04 6:40:08 ET]
Table 'Arneb' 6-max Seat #1 is the button
Seat 1: grenha1972 (€4.39 in chips) 
Seat 2: joanmi_sanchez (€2.47 in chips) 
Seat 3: Penha17213 (€4.72 in chips) 
Seat 4: poteaarte (€4.41 in chips) 
Seat 5: burgoa89 (€3.48 in chips) 
Seat 6: pipinoelbreve9 (€2.81 in chips) 
joanmi_sanchez: posts small blind €0.01
Penha17213: posts big blind €0.02
*** HOLE CARDS ***
Dealt to pipinoelbreve9 [Kd Ah]
poteaarte: folds 
burgoa89: folds 
pipinoelbreve9: raises €0.04 to €0.06
grenha1972: folds 
joanmi_sanchez: folds 
Penha17213: raises €0.18 to €0.24
pipinoelbreve9: raises €2.57 to €2.81 and is all-in
Penha17213: folds 
Uncalled bet (€2.57) returned to pipinoelbreve9
pipinoelbreve9 collected €0.49 from pot
pipinoelbreve9: doesn't show hand 
*** SUMMARY ***
Total pot €0.49 | Rake €0 
Seat 1: grenha1972 (button) folded before Flop (didn't bet)
Seat 2: joanmi_sanchez (small blind) folded before Flop
Seat 3: Penha17213 (big blind) folded before Flop
Seat 4: poteaarte folded before Flop (didn't bet)
Seat 5: burgoa89 folded before Flop (didn't bet)
Seat 6: pipinoelbreve9 collected (€0.49)



PokerStars Zoom Hand #257607273908:  Hold'em No Limit (€0.01/€0.02) - 2025/09/04 12:40:56 CET [2025/09/04 6:40:56 ET]
Table 'Arneb' 6-max Seat #1 is the button
Seat 1: MDKristian (€2.24 in chips) 
Seat 2: pipinoelbreve9 (€3.06 in chips) 
Seat 3: burgoa89 (€2.10 in chips) 
Seat 4: seriomarkos (€2.65 in chips) 
Seat 5: DavSnook (€2.20 in chips) 
Seat 6: poteaarte (€2.03 in chips) 
pipinoelbreve9: posts small blind €0.01
burgoa89: posts big blind €0.02
*** HOLE CARDS ***
Dealt to pipinoelbreve9 [7d 9h]
seriomarkos: folds 
DavSnook: raises €0.05 to €0.07
poteaarte: folds 
MDKristian: folds 
pipinoelbreve9: folds 
burgoa89: folds 
Uncalled bet (€0.05) returned to DavSnook
DavSnook collected €0.05 from pot
DavSnook: doesn't show hand 
*** SUMMARY ***
Total pot €0.05 | Rake €0 
Seat 1: MDKristian (button) folded before Flop (didn't bet)
Seat 2: pipinoelbreve9 (small blind) folded before Flop
Seat 3: burgoa89 (big blind) folded before Flop
Seat 4: seriomarkos folded before Flop (didn't bet)
Seat 5: DavSnook collected (€0.05)
Seat 6: poteaarte folded before Flop (didn't bet)



PokerStars Zoom Hand #257607276021:  Hold'em No Limit (€0.01/€0.02) - 2025/09/04 12:41:17 CET [2025/09/04 6:41:17 ET]
Table 'Arneb' 6-max Seat #1 is the button
Seat 1: @RobarTevoy99 (€1.87 in chips) 
Seat 2: poteaarte (€6.20 in chips) 
Seat 3: ocsur (€2.18 in chips) 
Seat 4: pipinoelbreve9 (€3.05 in chips) 
Seat 5: burgoa89 (€2.08 in chips) 
Seat 6: more457 (€1.57 in chips) 
poteaarte: posts small blind €0.01
ocsur: posts big blind €0.02
*** HOLE CARDS ***
Dealt to pipinoelbreve9 [4c Ts]
pipinoelbreve9: folds 
burgoa89: folds 
more457: folds 
@RobarTevoy99: folds 
poteaarte: folds 
Uncalled bet (€0.01) returned to ocsur
ocsur collected €0.02 from pot
ocsur: doesn't show hand 
*** SUMMARY ***
Total pot €0.02 | Rake €0 
Seat 1: @RobarTevoy99 (button) folded before Flop (didn't bet)
Seat 2: poteaarte (small blind) folded before Flop
Seat 3: ocsur (big blind) collected (€0.02)
Seat 4: pipinoelbreve9 folded before Flop (didn't bet)
Seat 5: burgoa89 folded before Flop (didn't bet)
Seat 6: more457 folded before Flop (didn't bet)



PokerStars Zoom Hand #257607277443:  Hold'em No Limit (€0.01/€0.02) - 2025/09/04 12:41:31 CET [2025/09/04 6:41:31 ET]
Table 'Arneb' 6-max Seat #1 is the button
Seat 1: more457 (€1.62 in chips) 
Seat 2: SrLyrox (€6.48 in chips) 
Seat 3: joanmi_sanchez (€2.49 in chips) 
Seat 4: FabRib1978 (€0.86 in chips) 
Seat 5: Penha17213 (€4.52 in chips) 
Seat 6: pipinoelbreve9 (€3.03 in chips) 
SrLyrox: posts small blind €0.01
joanmi_sanchez: posts big blind €0.02
*** HOLE CARDS ***
Dealt to pipinoelbreve9 [7d 8d]
FabRib1978: raises €0.84 to €0.86 and is all-in
Penha17213: folds 
pipinoelbreve9: folds 
more457: folds 
SrLyrox: folds 
joanmi_sanchez: folds 
Uncalled bet (€0.84) returned to FabRib1978
FabRib1978 collected €0.05 from pot
FabRib1978: doesn't show hand 
*** SUMMARY ***
Total pot €0.05 | Rake €0 
Seat 1: more457 (button) folded before Flop (didn't bet)
Seat 2: SrLyrox (small blind) folded before Flop
Seat 3: joanmi_sanchez (big blind) folded before Flop
Seat 4: FabRib1978 collected (€0.05)
Seat 5: Penha17213 folded before Flop (didn't bet)
Seat 6: pipinoelbreve9 folded before Flop (didn't bet)



PokerStars Zoom Hand #257607276605:  Hold'em No Limit (€0.01/€0.02) - 2025/09/04 12:41:22 CET [2025/09/04 6:41:22 ET]
Table 'Arneb' 6-max Seat #1 is the button
Seat 1: SrLyrox (€6.48 in chips) 
Seat 2: more457 (€1.63 in chips) 
Seat 3: pipinoelbreve9 (€3.05 in chips) 
Seat 4: MDKristian (€2.10 in chips) 
Seat 5: burgoa89 (€2.55 in chips) 
Seat 6: @RobarTevoy99 (€1.26 in chips) 
more457: posts small blind €0.01
pipinoelbreve9: posts big blind €0.02
*** HOLE CARDS ***
Dealt to pipinoelbreve9 [5c 3d]
MDKristian: raises €0.04 to €0.06
burgoa89: calls €0.06
@RobarTevoy99: calls €0.06
SrLyrox: folds 
more457: folds 
pipinoelbreve9: folds 
*** FLOP *** [Td Ts 7h]
MDKristian: checks 
burgoa89: bets €0.08
@RobarTevoy99: folds 
MDKristian: folds 
Uncalled bet (€0.08) returned to burgoa89
burgoa89 collected €0.20 from pot
burgoa89: doesn't show hand 
*** SUMMARY ***
Total pot €0.21 | Rake €0.01 
Board [Td Ts 7h]
Seat 1: SrLyrox (button) folded before Flop (didn't bet)
Seat 2: more457 (small blind) folded before Flop
Seat 3: pipinoelbreve9 (big blind) folded before Flop
Seat 4: MDKristian folded on the Flop
Seat 5: burgoa89 collected (€0.20)
Seat 6: @RobarTevoy99 folded on the Flop



PokerStars Zoom Hand #257607275247:  Hold'em No Limit (€0.01/€0.02) - 2025/09/04 12:41:09 CET [2025/09/04 6:41:09 ET]
Table 'Arneb' 6-max Seat #1 is the button
Seat 1: more457 (€1.57 in chips) 
Seat 2: marcel13013 (€2.89 in chips) 
Seat 3: McMack626 (€2.09 in chips) 
Seat 4: Penha17213 (€2 in chips) 
Seat 5: pipinoelbreve9 (€3.05 in chips) 
Seat 6: MDKristian (€2.24 in chips) 
marcel13013: posts small blind €0.01
McMack626: posts big blind €0.02
*** HOLE CARDS ***
Dealt to pipinoelbreve9 [3d Jh]
Penha17213 has timed out
Penha17213: folds 
pipinoelbreve9: folds 
MDKristian: folds 
more457: folds 
marcel13013: calls €0.01
McMack626: checks 
*** FLOP *** [Tc 4s 4c]
marcel13013: checks 
McMack626: checks 
*** TURN *** [Tc 4s 4c] [9s]
marcel13013: checks 
McMack626: checks 
*** RIVER *** [Tc 4s 4c 9s] [6d]
marcel13013: checks 
McMack626: checks 
*** SHOW DOWN ***
marcel13013: shows [6s 7s] (two pair, Sixes and Fours)
McMack626: mucks hand 
marcel13013 collected €0.04 from pot
*** SUMMARY ***
Total pot €0.04 | Rake €0 
Board [Tc 4s 4c 9s 6d]
Seat 1: more457 (button) folded before Flop (didn't bet)
Seat 2: marcel13013 (small blind) showed [6s 7s] and won (€0.04) with two pair, Sixes and Fours
Seat 3: McMack626 (big blind) mucked [Kd 8h]
Seat 4: Penha17213 folded before Flop (didn't bet)
Seat 5: pipinoelbreve9 folded before Flop (didn't bet)
Seat 6: MDKristian folded before Flop (didn't bet)



PokerStars Zoom Hand #257607274665:  Hold'em No Limit (€0.01/€0.02) - 2025/09/04 12:41:03 CET [2025/09/04 6:41:03 ET]
Table 'Arneb' 6-max Seat #1 is the button
Seat 1: pipinoelbreve9 (€3.05 in chips) 
Seat 2: more457 (€1.58 in chips) 
Seat 3: marcel13013 (€2.91 in chips) 
Seat 4: EiramSenpai (€3.44 in chips) 
Seat 5: seriomarkos (€7.65 in chips) 
Seat 6: Penha17213 (€2 in chips) 
more457: posts small blind €0.01
marcel13013: posts big blind €0.02
*** HOLE CARDS ***
Dealt to pipinoelbreve9 [4c 9s]
EiramSenpai: raises €0.04 to €0.06
seriomarkos: raises €0.08 to €0.14
Penha17213: folds 
pipinoelbreve9: folds 
more457: folds 
marcel13013: folds 
EiramSenpai: calls €0.08
*** FLOP *** [6c 9c Jh]
EiramSenpai: checks 
seriomarkos: checks 
*** TURN *** [6c 9c Jh] [8h]
EiramSenpai: bets €0.14
seriomarkos: folds 
Uncalled bet (€0.14) returned to EiramSenpai
EiramSenpai collected €0.29 from pot
EiramSenpai: doesn't show hand 
*** SUMMARY ***
Total pot €0.31 | Rake €0.02 
Board [6c 9c Jh 8h]
Seat 1: pipinoelbreve9 (button) folded before Flop (didn't bet)
Seat 2: more457 (small blind) folded before Flop
Seat 3: marcel13013 (big blind) folded before Flop
Seat 4: EiramSenpai collected (€0.29)
Seat 5: seriomarkos folded on the Turn
Seat 6: Penha17213 folded before Flop (didn't bet)



PokerStars Zoom Hand #257607278518:  Hold'em No Limit (€0.01/€0.02) - 2025/09/04 12:41:41 CET [2025/09/04 6:41:41 ET]
Table 'Arneb' 6-max Seat #1 is the button
Seat 1: burgoa89 (€2.06 in chips) 
Seat 2: joanmi_sanchez (€2.47 in chips) 
Seat 3: 77samuel33 (€2.38 in chips) 
Seat 4: @RobarTevoy99 (€1.20 in chips) 
Seat 5: pipinoelbreve9 (€3.03 in chips) 
Seat 6: poteaarte (€6.19 in chips) 
joanmi_sanchez: posts small blind €0.01
77samuel33: posts big blind €0.02
*** HOLE CARDS ***
Dealt to pipinoelbreve9 [4s 9h]
@RobarTevoy99: folds 
pipinoelbreve9: folds 
poteaarte: folds 
burgoa89: folds 
joanmi_sanchez: folds 
Uncalled bet (€0.01) returned to 77samuel33
77samuel33 collected €0.02 from pot
77samuel33: doesn't show hand 
*** SUMMARY ***
Total pot €0.02 | Rake €0 
Seat 1: burgoa89 (button) folded before Flop (didn't bet)
Seat 2: joanmi_sanchez (small blind) folded before Flop
Seat 3: 77samuel33 (big blind) collected (€0.02)
Seat 4: @RobarTevoy99 folded before Flop (didn't bet)
Seat 5: pipinoelbreve9 folded before Flop (didn't bet)
Seat 6: poteaarte folded before Flop (didn't bet)



PokerStars Zoom Hand #257607279408:  Hold'em No Limit (€0.01/€0.02) - 2025/09/04 12:41:50 CET [2025/09/04 6:41:50 ET]
Table 'Arneb' 6-max Seat #1 is the button
Seat 1: 77samuel33 (€4.32 in chips) 
Seat 2: canokiller (€2 in chips) 
Seat 3: pipinoelbreve9 (€3.02 in chips) 
Seat 4: ehbraga (€1.06 in chips) 
Seat 5: marcel13013 (€2.91 in chips) 
Seat 6: ocsur (€2.19 in chips) 
canokiller: posts small blind €0.01
pipinoelbreve9: posts big blind €0.02
*** HOLE CARDS ***
Dealt to pipinoelbreve9 [8h 3h]
ehbraga: folds 
marcel13013: folds 
ocsur: folds 
77samuel33: raises €0.04 to €0.06
canokiller: folds 
pipinoelbreve9: folds 
Uncalled bet (€0.04) returned to 77samuel33
77samuel33 collected €0.05 from pot
77samuel33: doesn't show hand 
*** SUMMARY ***
Total pot €0.05 | Rake €0 
Seat 1: 77samuel33 (button) collected (€0.05)
Seat 2: canokiller (small blind) folded before Flop
Seat 3: pipinoelbreve9 (big blind) folded before Flop
Seat 4: ehbraga folded before Flop (didn't bet)
Seat 5: marcel13013 folded before Flop (didn't bet)
Seat 6: ocsur folded before Flop (didn't bet)



PokerStars Zoom Hand #257607280761:  Hold'em No Limit (€0.01/€0.02) - 2025/09/04 12:42:03 CET [2025/09/04 6:42:03 ET]
Table 'Arneb' 6-max Seat #1 is the button
Seat 1: pipinoelbreve9 (€3 in chips) 
Seat 2: D Tasmania (€1.50 in chips) 
Seat 3: poteaarte (€4.22 in chips) 
Seat 4: burgoa89 (€2.05 in chips) 
Seat 5: @RobarTevoy99 (€3.69 in chips) 
Seat 6: canokiller (€2 in chips) 
D Tasmania: posts small blind €0.01
poteaarte: posts big blind €0.02
*** HOLE CARDS ***
Dealt to pipinoelbreve9 [Kd 2c]
burgoa89: raises €0.04 to €0.06
@RobarTevoy99: folds 
canokiller: folds 
pipinoelbreve9: folds 
D Tasmania: folds 
poteaarte: folds 
Uncalled bet (€0.04) returned to burgoa89
burgoa89 collected €0.05 from pot
burgoa89: doesn't show hand 
*** SUMMARY ***
Total pot €0.05 | Rake €0 
Seat 1: pipinoelbreve9 (button) folded before Flop (didn't bet)
Seat 2: D Tasmania (small blind) folded before Flop
Seat 3: poteaarte (big blind) folded before Flop
Seat 4: burgoa89 collected (€0.05)
Seat 5: @RobarTevoy99 folded before Flop (didn't bet)
Seat 6: canokiller folded before Flop (didn't bet)



PokerStars Zoom Hand #257607278868:  Hold'em No Limit (€0.01/€0.02) - 2025/09/04 12:41:45 CET [2025/09/04 6:41:45 ET]
Table 'Arneb' 6-max Seat #1 is the button
Seat 1: joanmi_sanchez (€2.46 in chips) 
Seat 2: pipinoelbreve9 (€3.03 in chips) 
Seat 3: Angelo697 (€0.61 in chips) 
Seat 4: burgoa89 (€2.69 in chips) 
Seat 5: McMack626 (€1.81 in chips) 
Seat 6: @RobarTevoy99 (€1.66 in chips) 
pipinoelbreve9: posts small blind €0.01
Angelo697: posts big blind €0.02
*** HOLE CARDS ***
Dealt to pipinoelbreve9 [9c 4s]
burgoa89: folds 
McMack626: raises €0.02 to €0.04
@RobarTevoy99: calls €0.04
joanmi_sanchez: folds 
pipinoelbreve9: folds 
Angelo697: raises €0.02 to €0.06
McMack626: calls €0.02
@RobarTevoy99: calls €0.02
*** FLOP *** [4h 9h Ad]
Angelo697: bets €0.09
McMack626: folds 
@RobarTevoy99: calls €0.09
*** TURN *** [4h 9h Ad] [Kd]
Angelo697: bets €0.18
@RobarTevoy99: raises €0.71 to €0.89
Angelo697: calls €0.28 and is all-in
Uncalled bet (€0.43) returned to @RobarTevoy99
*** RIVER *** [4h 9h Ad Kd] [Ks]
*** SHOW DOWN ***
Angelo697: shows [Ac Jh] (two pair, Aces and Kings)
@RobarTevoy99: shows [4c 4d] (a full house, Fours full of Kings)
@RobarTevoy99 collected €1.23 from pot
*** SUMMARY ***
Total pot €1.29 | Rake €0.06 
Board [4h 9h Ad Kd Ks]
Seat 1: joanmi_sanchez (button) folded before Flop (didn't bet)
Seat 2: pipinoelbreve9 (small blind) folded before Flop
Seat 3: Angelo697 (big blind) showed [Ac Jh] and lost with two pair, Aces and Kings
Seat 4: burgoa89 folded before Flop (didn't bet)
Seat 5: McMack626 folded on the Flop
Seat 6: @RobarTevoy99 showed [4c 4d] and won (€1.23) with a full house, Fours full of Kings



PokerStars Zoom Hand #257607281415:  Hold'em No Limit (€0.01/€0.02) - 2025/09/04 12:42:09 CET [2025/09/04 6:42:09 ET]
Table 'Arneb' 6-max Seat #1 is the button
Seat 1: canokiller (€2 in chips) 
Seat 2: pipinoelbreve9 (€3 in chips) 
Seat 3: MDKristian (€2.13 in chips) 
Seat 4: marcel13013 (€3.87 in chips) 
Seat 5: poteaarte (€6.17 in chips) 
Seat 6: seriomarkos (€3.01 in chips) 
pipinoelbreve9: posts small blind €0.01
MDKristian: posts big blind €0.02
*** HOLE CARDS ***
Dealt to pipinoelbreve9 [7d 3d]
marcel13013: folds 
poteaarte: folds 
seriomarkos: folds 
canokiller: raises €0.03 to €0.05
pipinoelbreve9: folds 
MDKristian: folds 
Uncalled bet (€0.03) returned to canokiller
canokiller collected €0.05 from pot
canokiller: doesn't show hand 
*** SUMMARY ***
Total pot €0.05 | Rake €0 
Seat 1: canokiller (button) collected (€0.05)
Seat 2: pipinoelbreve9 (small blind) folded before Flop
Seat 3: MDKristian (big blind) folded before Flop
Seat 4: marcel13013 folded before Flop (didn't bet)
Seat 5: poteaarte folded before Flop (didn't bet)
Seat 6: seriomarkos folded before Flop (didn't bet)



PokerStars Zoom Hand #257607283212:  Hold'em No Limit (€0.01/€0.02) - 2025/09/04 12:42:27 CET [2025/09/04 6:42:27 ET]
Table 'Arneb' 6-max Seat #1 is the button
Seat 1: pipinoelbreve9 (€2.99 in chips) 
Seat 2: seriomarkos (€2.36 in chips) 
Seat 3: @RobarTevoy99 (€3.69 in chips) 
Seat 4: Danipro178 (€2.65 in chips) 
Seat 5: more457 (€1.62 in chips) 
Seat 6: MDKristian (€2.11 in chips) 
seriomarkos: posts small blind €0.01
@RobarTevoy99: posts big blind €0.02
*** HOLE CARDS ***
Dealt to pipinoelbreve9 [5c 5s]
Danipro178: folds 
more457: folds 
MDKristian: folds 
pipinoelbreve9: raises €0.04 to €0.06
seriomarkos: folds 
@RobarTevoy99: folds 
Uncalled bet (€0.04) returned to pipinoelbreve9
pipinoelbreve9 collected €0.05 from pot
pipinoelbreve9: doesn't show hand 
*** SUMMARY ***
Total pot €0.05 | Rake €0 
Seat 1: pipinoelbreve9 (button) collected (€0.05)
Seat 2: seriomarkos (small blind) folded before Flop
Seat 3: @RobarTevoy99 (big blind) folded before Flop
Seat 4: Danipro178 folded before Flop (didn't bet)
Seat 5: more457 folded before Flop (didn't bet)
Seat 6: MDKristian folded before Flop (didn't bet)



PokerStars Zoom Hand #257607281936:  Hold'em No Limit (€0.01/€0.02) - 2025/09/04 12:42:14 CET [2025/09/04 6:42:14 ET]
Table 'Arneb' 6-max Seat #1 is the button
Seat 1: McMack626 (€1.75 in chips) 
Seat 2: LaDecimaRAFA (€2.52 in chips) 
Seat 3: burgoa89 (€3.38 in chips) 
Seat 4: ciguenza (€2.19 in chips) 
Seat 5: EiramSenpai (€6.87 in chips) 
Seat 6: pipinoelbreve9 (€2.99 in chips) 
LaDecimaRAFA: posts small blind €0.01
burgoa89: posts big blind €0.02
*** HOLE CARDS ***
Dealt to pipinoelbreve9 [3c Qd]
ciguenza: folds 
EiramSenpai: folds 
pipinoelbreve9: folds 
McMack626: folds 
LaDecimaRAFA: raises €0.04 to €0.06
burgoa89: calls €0.04
*** FLOP *** [Ad Ts Js]
LaDecimaRAFA: bets €0.08
burgoa89: folds 
Uncalled bet (€0.08) returned to LaDecimaRAFA
LaDecimaRAFA collected €0.11 from pot
LaDecimaRAFA: doesn't show hand 
*** SUMMARY ***
Total pot €0.12 | Rake €0.01 
Board [Ad Ts Js]
Seat 1: McMack626 (button) folded before Flop (didn't bet)
Seat 2: LaDecimaRAFA (small blind) collected (€0.11)
Seat 3: burgoa89 (big blind) folded on the Flop
Seat 4: ciguenza folded before Flop (didn't bet)
Seat 5: EiramSenpai folded before Flop (didn't bet)
Seat 6: pipinoelbreve9 folded before Flop (didn't bet)



PokerStars Zoom Hand #257607282826:  Hold'em No Limit (€0.01/€0.02) - 2025/09/04 12:42:23 CET [2025/09/04 6:42:23 ET]
Table 'Arneb' 6-max Seat #1 is the button
Seat 1: poteaarte (€2 in chips) 
Seat 2: ehbraga (€1.14 in chips) 
Seat 3: LaDecimaRAFA (€2.37 in chips) 
Seat 4: pipinoelbreve9 (€2.99 in chips) 
Seat 5: @RobarTevoy99 (€2.28 in chips) 
Seat 6: EiramSenpai (€6.87 in chips) 
ehbraga: posts small blind €0.01
LaDecimaRAFA: posts big blind €0.02
*** HOLE CARDS ***
Dealt to pipinoelbreve9 [6h 7s]
pipinoelbreve9: folds 
@RobarTevoy99: folds 
EiramSenpai: raises €0.02 to €0.04
poteaarte: folds 
ehbraga: folds 
LaDecimaRAFA: folds 
Uncalled bet (€0.02) returned to EiramSenpai
EiramSenpai collected €0.05 from pot
EiramSenpai: doesn't show hand 
*** SUMMARY ***
Total pot €0.05 | Rake €0 
Seat 1: poteaarte (button) folded before Flop (didn't bet)
Seat 2: ehbraga (small blind) folded before Flop
Seat 3: LaDecimaRAFA (big blind) folded before Flop
Seat 4: pipinoelbreve9 folded before Flop (didn't bet)
Seat 5: @RobarTevoy99 folded before Flop (didn't bet)
Seat 6: EiramSenpai collected (€0.05)



PokerStars Zoom Hand #257607284360:  Hold'em No Limit (€0.01/€0.02) - 2025/09/04 12:42:38 CET [2025/09/04 6:42:38 ET]
Table 'Arneb' 6-max Seat #1 is the button
Seat 1: mari197721 (€1.78 in chips) 
Seat 2: more457 (€1.62 in chips) 
Seat 3: DavSnook (€5.45 in chips) 
Seat 4: seriomarkos (€2.35 in chips) 
Seat 5: pipinoelbreve9 (€3.02 in chips) 
Seat 6: D Tasmania (€1.94 in chips) 
more457: posts small blind €0.01
DavSnook: posts big blind €0.02
*** HOLE CARDS ***
Dealt to pipinoelbreve9 [9d 9s]
seriomarkos is disconnected 
seriomarkos has timed out while disconnected
seriomarkos: folds 
pipinoelbreve9: raises €0.04 to €0.06
D Tasmania: folds 
mari197721: calls €0.06
more457: folds 
DavSnook: calls €0.04
*** FLOP *** [5c 7s Js]
DavSnook: checks 
pipinoelbreve9: bets €0.09
mari197721: calls €0.09
DavSnook: calls €0.09
*** TURN *** [5c 7s Js] [4c]
DavSnook: checks 
pipinoelbreve9: checks 
mari197721: checks 
*** RIVER *** [5c 7s Js 4c] [5h]
DavSnook: bets €0.33
pipinoelbreve9: calls €0.33
mari197721: folds 
*** SHOW DOWN ***
DavSnook: shows [5d 7d] (a full house, Fives full of Sevens)
pipinoelbreve9: mucks hand 
DavSnook collected €1.06 from pot
*** SUMMARY ***
Total pot €1.12 | Rake €0.06 
Board [5c 7s Js 4c 5h]
Seat 1: mari197721 (button) folded on the River
Seat 2: more457 (small blind) folded before Flop
Seat 3: DavSnook (big blind) showed [5d 7d] and won (€1.06) with a full house, Fives full of Sevens
Seat 4: seriomarkos folded before Flop (didn't bet)
Seat 5: pipinoelbreve9 mucked [9d 9s]
Seat 6: D Tasmania folded before Flop (didn't bet)



PokerStars Zoom Hand #257607289359:  Hold'em No Limit (€0.01/€0.02) - 2025/09/04 12:43:26 CET [2025/09/04 6:43:26 ET]
Table 'Arneb' 6-max Seat #1 is the button
Seat 1: DavSnook (€2.02 in chips) 
Seat 2: marcel13013 (€2.82 in chips) 
Seat 3: joanmi_sanchez (€2.49 in chips) 
Seat 4: poteaarte (€1.97 in chips) 
Seat 5: lorocontento (€1.02 in chips) 
Seat 6: pipinoelbreve9 (€2.54 in chips) 
marcel13013: posts small blind €0.01
joanmi_sanchez: posts big blind €0.02
*** HOLE CARDS ***
Dealt to pipinoelbreve9 [5h 9h]
poteaarte: folds 
lorocontento: folds 
pipinoelbreve9: folds 
DavSnook: raises €0.05 to €0.07
marcel13013: folds 
joanmi_sanchez: calls €0.05
*** FLOP *** [Qd Tc Kd]
joanmi_sanchez: checks 
DavSnook: bets €0.07
joanmi_sanchez: folds 
Uncalled bet (€0.07) returned to DavSnook
DavSnook collected €0.14 from pot
DavSnook: doesn't show hand 
*** SUMMARY ***
Total pot €0.15 | Rake €0.01 
Board [Qd Tc Kd]
Seat 1: DavSnook (button) collected (€0.14)
Seat 2: marcel13013 (small blind) folded before Flop
Seat 3: joanmi_sanchez (big blind) folded on the Flop
Seat 4: poteaarte folded before Flop (didn't bet)
Seat 5: lorocontento folded before Flop (didn't bet)
Seat 6: pipinoelbreve9 folded before Flop (didn't bet)



PokerStars Zoom Hand #257607289834:  Hold'em No Limit (€0.01/€0.02) - 2025/09/04 12:43:30 CET [2025/09/04 6:43:30 ET]
Table 'Arneb' 6-max Seat #1 is the button
Seat 1: SrLyrox (€6.14 in chips) 
Seat 2: 77samuel33 (€2.49 in chips) 
Seat 3: pipinoelbreve9 (€2.54 in chips) 
Seat 4: marcel13013 (€3.87 in chips) 
Seat 5: ehbraga (€0.86 in chips) 
Seat 6: D Tasmania (€1.92 in chips) 
77samuel33: posts small blind €0.01
pipinoelbreve9: posts big blind €0.02
*** HOLE CARDS ***
Dealt to pipinoelbreve9 [2s 2h]
marcel13013: folds 
ehbraga: calls €0.02
D Tasmania: folds 
SrLyrox: folds 
77samuel33: folds 
pipinoelbreve9: checks 
*** FLOP *** [As Kd Js]
pipinoelbreve9: checks 
ehbraga: checks 
*** TURN *** [As Kd Js] [7c]
pipinoelbreve9: checks 
ehbraga: checks 
*** RIVER *** [As Kd Js 7c] [3c]
pipinoelbreve9: checks 
ehbraga: bets €0.84 and is all-in
pipinoelbreve9: folds 
Uncalled bet (€0.84) returned to ehbraga
ehbraga collected €0.05 from pot
ehbraga: doesn't show hand 
*** SUMMARY ***
Total pot €0.05 | Rake €0 
Board [As Kd Js 7c 3c]
Seat 1: SrLyrox (button) folded before Flop (didn't bet)
Seat 2: 77samuel33 (small blind) folded before Flop
Seat 3: pipinoelbreve9 (big blind) folded on the River
Seat 4: marcel13013 folded before Flop (didn't bet)
Seat 5: ehbraga collected (€0.05)
Seat 6: D Tasmania folded before Flop (didn't bet)



PokerStars Zoom Hand #257607294678:  Hold'em No Limit (€0.01/€0.02) - 2025/09/04 12:44:17 CET [2025/09/04 6:44:17 ET]
Table 'Arneb' 6-max Seat #1 is the button
Seat 1: marcel13013 (€2.79 in chips) 
Seat 2: damastodas (€2.53 in chips) 
Seat 3: more457 (€1.71 in chips) 
Seat 4: Danipro178 (€2 in chips) 
Seat 5: pipinoelbreve9 (€2.52 in chips) 
Seat 6: canokiller (€2 in chips) 
damastodas: posts small blind €0.01
more457: posts big blind €0.02
*** HOLE CARDS ***
Dealt to pipinoelbreve9 [Jc 5c]
Danipro178: folds 
pipinoelbreve9: folds 
canokiller: folds 
marcel13013: folds 
damastodas: folds 
Uncalled bet (€0.01) returned to more457
more457 collected €0.02 from pot
more457: doesn't show hand 
*** SUMMARY ***
Total pot €0.02 | Rake €0 
Seat 1: marcel13013 (button) folded before Flop (didn't bet)
Seat 2: damastodas (small blind) folded before Flop
Seat 3: more457 (big blind) collected (€0.02)
Seat 4: Danipro178 folded before Flop (didn't bet)
Seat 5: pipinoelbreve9 folded before Flop (didn't bet)
Seat 6: canokiller folded before Flop (didn't bet)



PokerStars Zoom Hand #257607295662:  Hold'em No Limit (€0.01/€0.02) - 2025/09/04 12:44:28 CET [2025/09/04 6:44:28 ET]
Table 'Arneb' 6-max Seat #1 is the button
Seat 1: LaDecimaRAFA (€2.42 in chips) 
Seat 2: pipinoelbreve9 (€2.52 in chips) 
Seat 3: marcel13013 (€2.79 in chips) 
Seat 4: D Tasmania (€1.91 in chips) 
Seat 5: canokiller (€2 in chips) 
Seat 6: lorocontento (€1.05 in chips) 
pipinoelbreve9: posts small blind €0.01
marcel13013: posts big blind €0.02
*** HOLE CARDS ***
Dealt to pipinoelbreve9 [2c Ts]
D Tasmania: raises €0.03 to €0.05
canokiller: folds 
lorocontento: folds 
LaDecimaRAFA: folds 
pipinoelbreve9: folds 
marcel13013: folds 
Uncalled bet (€0.03) returned to D Tasmania
D Tasmania collected €0.05 from pot
D Tasmania: doesn't show hand 
*** SUMMARY ***
Total pot €0.05 | Rake €0 
Seat 1: LaDecimaRAFA (button) folded before Flop (didn't bet)
Seat 2: pipinoelbreve9 (small blind) folded before Flop
Seat 3: marcel13013 (big blind) folded before Flop
Seat 4: D Tasmania collected (€0.05)
Seat 5: canokiller folded before Flop (didn't bet)
Seat 6: lorocontento folded before Flop (didn't bet)



PokerStars Zoom Hand #257607296386:  Hold'em No Limit (€0.01/€0.02) - 2025/09/04 12:44:34 CET [2025/09/04 6:44:34 ET]
Table 'Arneb' 6-max Seat #1 is the button
Seat 1: pipinoelbreve9 (€2.51 in chips) 
Seat 2: MDKristian (€2.11 in chips) 
Seat 3: mathangele (€2 in chips) 
Seat 4: SrLyrox (€6.26 in chips) 
Seat 5: joanmi_sanchez (€2.36 in chips) 
Seat 6: @RobarTevoy99 (€1.97 in chips) 
MDKristian: posts small blind €0.01
mathangele: posts big blind €0.02
*** HOLE CARDS ***
Dealt to pipinoelbreve9 [6d 7c]
SrLyrox: folds 
joanmi_sanchez: folds 
@RobarTevoy99: folds 
pipinoelbreve9: folds 
MDKristian: raises €0.02 to €0.04
mathangele: calls €0.02
*** FLOP *** [9h 9d 7s]
MDKristian: checks 
mathangele: checks 
*** TURN *** [9h 9d 7s] [Td]
MDKristian: checks 
mathangele: checks 
*** RIVER *** [9h 9d 7s Td] [4s]
MDKristian: checks 
mathangele: checks 
*** SHOW DOWN ***
MDKristian: shows [8s 8h] (two pair, Nines and Eights)
mathangele: mucks hand 
MDKristian collected €0.08 from pot
*** SUMMARY ***
Total pot €0.08 | Rake €0 
Board [9h 9d 7s Td 4s]
Seat 1: pipinoelbreve9 (button) folded before Flop (didn't bet)
Seat 2: MDKristian (small blind) showed [8s 8h] and won (€0.08) with two pair, Nines and Eights
Seat 3: mathangele (big blind) mucked [Ah 3c]
Seat 4: SrLyrox folded before Flop (didn't bet)
Seat 5: joanmi_sanchez folded before Flop (didn't bet)
Seat 6: @RobarTevoy99 folded before Flop (didn't bet)



PokerStars Zoom Hand #257607297220:  Hold'em No Limit (€0.01/€0.02) - 2025/09/04 12:44:43 CET [2025/09/04 6:44:43 ET]
Table 'Arneb' 6-max Seat #1 is the button
Seat 1: joanmi_sanchez (€3.31 in chips) 
Seat 2: lorocontento (€1.05 in chips) 
Seat 3: Hemoro89 (€0.97 in chips) 
Seat 4: pipinoelbreve9 (€2.51 in chips) 
Seat 5: LaDecimaRAFA (€2.42 in chips) 
Seat 6: McMack626 (€2.12 in chips) 
lorocontento: posts small blind €0.01
Hemoro89: posts big blind €0.02
*** HOLE CARDS ***
Dealt to pipinoelbreve9 [5d Ad]
pipinoelbreve9: raises €0.04 to €0.06
LaDecimaRAFA: folds 
McMack626: folds 
joanmi_sanchez: raises €0.12 to €0.18
lorocontento: folds 
Hemoro89: folds 
pipinoelbreve9: calls €0.12
*** FLOP *** [Th Ac Ks]
pipinoelbreve9: checks 
joanmi_sanchez: bets €0.11
pipinoelbreve9: calls €0.11
*** TURN *** [Th Ac Ks] [3s]
pipinoelbreve9: checks 
joanmi_sanchez: bets €0.33
pipinoelbreve9: folds 
Uncalled bet (€0.33) returned to joanmi_sanchez
joanmi_sanchez collected €0.58 from pot
joanmi_sanchez: doesn't show hand 
*** SUMMARY ***
Total pot €0.61 | Rake €0.03 
Board [Th Ac Ks 3s]
Seat 1: joanmi_sanchez (button) collected (€0.58)
Seat 2: lorocontento (small blind) folded before Flop
Seat 3: Hemoro89 (big blind) folded before Flop
Seat 4: pipinoelbreve9 folded on the Turn
Seat 5: LaDecimaRAFA folded before Flop (didn't bet)
Seat 6: McMack626 folded before Flop (didn't bet)



PokerStars Zoom Hand #257607303976:  Hold'em No Limit (€0.01/€0.02) - 2025/09/04 12:45:49 CET [2025/09/04 6:45:49 ET]
Table 'Arneb' 6-max Seat #1 is the button
Seat 1: DavSnook (€1.75 in chips) 
Seat 2: MDKristian (€2.14 in chips) 
Seat 3: grenha1972 (€6.03 in chips) 
Seat 4: QUIQUE JONES (€0.78 in chips) 
Seat 5: @RobarTevoy99 (€2.12 in chips) 
Seat 6: pipinoelbreve9 (€2.22 in chips) 
MDKristian: posts small blind €0.01
grenha1972: posts big blind €0.02
*** HOLE CARDS ***
Dealt to pipinoelbreve9 [4h Qc]
QUIQUE JONES: folds 
@RobarTevoy99: folds 
pipinoelbreve9: folds 
DavSnook: folds 
MDKristian: folds 
Uncalled bet (€0.01) returned to grenha1972
grenha1972 collected €0.02 from pot
grenha1972: doesn't show hand 
*** SUMMARY ***
Total pot €0.02 | Rake €0 
Seat 1: DavSnook (button) folded before Flop (didn't bet)
Seat 2: MDKristian (small blind) folded before Flop
Seat 3: grenha1972 (big blind) collected (€0.02)
Seat 4: QUIQUE JONES folded before Flop (didn't bet)
Seat 5: @RobarTevoy99 folded before Flop (didn't bet)
Seat 6: pipinoelbreve9 folded before Flop (didn't bet)



PokerStars Zoom Hand #257607305765:  Hold'em No Limit (€0.01/€0.02) - 2025/09/04 12:46:06 CET [2025/09/04 6:46:06 ET]
Table 'Arneb' 6-max Seat #1 is the button
Seat 1: Hemoro89 (€1.11 in chips) 
Seat 2: @RobarTevoy99 (€2 in chips) 
Seat 3: MDKristian (€2.06 in chips) 
Seat 4: ehbraga (€1 in chips) 
Seat 5: pipinoelbreve9 (€2.20 in chips) 
Seat 6: poteaarte (€6.45 in chips) 
@RobarTevoy99: posts small blind €0.01
MDKristian: posts big blind €0.02
*** HOLE CARDS ***
Dealt to pipinoelbreve9 [6c Qc]
ehbraga: folds 
pipinoelbreve9: folds 
poteaarte: raises €0.04 to €0.06
Hemoro89: folds 
@RobarTevoy99: folds 
MDKristian: folds 
Uncalled bet (€0.04) returned to poteaarte
poteaarte collected €0.05 from pot
poteaarte: doesn't show hand 
*** SUMMARY ***
Total pot €0.05 | Rake €0 
Seat 1: Hemoro89 (button) folded before Flop (didn't bet)
Seat 2: @RobarTevoy99 (small blind) folded before Flop
Seat 3: MDKristian (big blind) folded before Flop
Seat 4: ehbraga folded before Flop (didn't bet)
Seat 5: pipinoelbreve9 folded before Flop (didn't bet)
Seat 6: poteaarte collected (€0.05)



PokerStars Zoom Hand #257607304666:  Hold'em No Limit (€0.01/€0.02) - 2025/09/04 12:45:55 CET [2025/09/04 6:45:55 ET]
Table 'Arneb' 6-max Seat #1 is the button
Seat 1: 77samuel33 (€2.46 in chips) 
Seat 2: MDKristian (€2.07 in chips) 
Seat 3: pipinoelbreve9 (€2.22 in chips) 
Seat 4: ocsur (€2.12 in chips) 
Seat 5: Grenaund_ (€5.85 in chips) 
Seat 6: more457 (€1.52 in chips) 
MDKristian: posts small blind €0.01
pipinoelbreve9: posts big blind €0.02
*** HOLE CARDS ***
Dealt to pipinoelbreve9 [3c 7c]
ocsur: folds 
Grenaund_: folds 
more457: raises €0.04 to €0.06
77samuel33: raises €0.12 to €0.18
MDKristian: folds 
pipinoelbreve9: folds 
more457: folds 
Uncalled bet (€0.12) returned to 77samuel33
77samuel33 collected €0.15 from pot
77samuel33: doesn't show hand 
*** SUMMARY ***
Total pot €0.15 | Rake €0 
Seat 1: 77samuel33 (button) collected (€0.15)
Seat 2: MDKristian (small blind) folded before Flop
Seat 3: pipinoelbreve9 (big blind) folded before Flop
Seat 4: ocsur folded before Flop (didn't bet)
Seat 5: Grenaund_ folded before Flop (didn't bet)
Seat 6: more457 folded before Flop



PokerStars Zoom Hand #257607306374:  Hold'em No Limit (€0.01/€0.02) - 2025/09/04 12:46:12 CET [2025/09/04 6:46:12 ET]
Table 'Arneb' 6-max Seat #1 is the button
Seat 1: @RobarTevoy99 (€1.67 in chips) 
Seat 2: Hemoro89 (€1.11 in chips) 
Seat 3: QUIQUE JONES (€0.78 in chips) 
Seat 4: pipinoelbreve9 (€2.20 in chips) 
Seat 5: Penha17213 (€2 in chips) 
Seat 6: lorocontento (€1.33 in chips) 
Hemoro89: posts small blind €0.01
QUIQUE JONES: posts big blind €0.02
*** HOLE CARDS ***
Dealt to pipinoelbreve9 [Qd Td]
pipinoelbreve9: raises €0.04 to €0.06
Penha17213: folds 
lorocontento: folds 
@RobarTevoy99: folds 
Hemoro89: folds 
QUIQUE JONES: folds 
Uncalled bet (€0.04) returned to pipinoelbreve9
pipinoelbreve9 collected €0.05 from pot
pipinoelbreve9: doesn't show hand 
*** SUMMARY ***
Total pot €0.05 | Rake €0 
Seat 1: @RobarTevoy99 (button) folded before Flop (didn't bet)
Seat 2: Hemoro89 (small blind) folded before Flop
Seat 3: QUIQUE JONES (big blind) folded before Flop
Seat 4: pipinoelbreve9 collected (€0.05)
Seat 5: Penha17213 folded before Flop (didn't bet)
Seat 6: lorocontento folded before Flop (didn't bet)



PokerStars Zoom Hand #257607307663:  Hold'em No Limit (€0.01/€0.02) - 2025/09/04 12:46:24 CET [2025/09/04 6:46:24 ET]
Table 'Arneb' 6-max Seat #1 is the button
Seat 1: LaDecimaRAFA (€2.28 in chips) 
Seat 2: pipinoelbreve9 (€2.23 in chips) 
Seat 3: D Tasmania (€1.66 in chips) 
Seat 4: MDKristian (€2.11 in chips) 
Seat 5: 77samuel33 (€7.22 in chips) 
Seat 6: grenha1972 (€6.03 in chips) 
pipinoelbreve9: posts small blind €0.01
D Tasmania: posts big blind €0.02
*** HOLE CARDS ***
Dealt to pipinoelbreve9 [Ah As]
MDKristian: folds 
77samuel33: raises €0.04 to €0.06
grenha1972: raises €0.10 to €0.16
LaDecimaRAFA: folds 
pipinoelbreve9: calls €0.15
D Tasmania: folds 
77samuel33: calls €0.10
*** FLOP *** [Th Ts 7s]
pipinoelbreve9: checks 
77samuel33: checks 
grenha1972: bets €0.14
pipinoelbreve9: calls €0.14
77samuel33: calls €0.14
*** TURN *** [Th Ts 7s] [5d]
pipinoelbreve9: checks 
77samuel33: checks 
grenha1972: bets €0.26
pipinoelbreve9: raises €1.67 to €1.93 and is all-in
77samuel33: folds 
grenha1972: calls €1.67
*** RIVER *** [Th Ts 7s 5d] [9c]
*** SHOW DOWN ***
pipinoelbreve9: shows [Ah As] (two pair, Aces and Tens)
grenha1972: shows [Kd Kh] (two pair, Kings and Tens)
pipinoelbreve9 collected €4.54 from pot
*** SUMMARY ***
Total pot €4.78 | Rake €0.24 
Board [Th Ts 7s 5d 9c]
Seat 1: LaDecimaRAFA (button) folded before Flop (didn't bet)
Seat 2: pipinoelbreve9 (small blind) showed [Ah As] and won (€4.54) with two pair, Aces and Tens
Seat 3: D Tasmania (big blind) folded before Flop
Seat 4: MDKristian folded before Flop (didn't bet)
Seat 5: 77samuel33 folded on the Turn
Seat 6: grenha1972 showed [Kd Kh] and lost with two pair, Kings and Tens



PokerStars Zoom Hand #257607319860:  Hold'em No Limit (€0.01/€0.02) - 2025/09/04 12:48:19 CET [2025/09/04 6:48:19 ET]
Table 'Arneb' 6-max Seat #1 is the button
Seat 1: pipinoelbreve9 (€4.54 in chips) 
Seat 2: more457 (€1.68 in chips) 
Seat 3: joanmi_sanchez (€2.66 in chips) 
Seat 4: Penha17213 (€2.19 in chips) 
Seat 5: Hemoro89 (€1.09 in chips) 
Seat 6: poteaarte (€6.22 in chips) 
more457: posts small blind €0.01
joanmi_sanchez: posts big blind €0.02
*** HOLE CARDS ***
Dealt to pipinoelbreve9 [2h Ac]
Penha17213: folds 
Hemoro89: folds 
poteaarte: folds 
pipinoelbreve9: folds 
more457: folds 
Uncalled bet (€0.01) returned to joanmi_sanchez
joanmi_sanchez collected €0.02 from pot
joanmi_sanchez: doesn't show hand 
*** SUMMARY ***
Total pot €0.02 | Rake €0 
Seat 1: pipinoelbreve9 (button) folded before Flop (didn't bet)
Seat 2: more457 (small blind) folded before Flop
Seat 3: joanmi_sanchez (big blind) collected (€0.02)
Seat 4: Penha17213 folded before Flop (didn't bet)
Seat 5: Hemoro89 folded before Flop (didn't bet)
Seat 6: poteaarte folded before Flop (didn't bet)



PokerStars Zoom Hand #257607318903:  Hold'em No Limit (€0.01/€0.02) - 2025/09/04 12:48:10 CET [2025/09/04 6:48:10 ET]
Table 'Arneb' 6-max Seat #1 is the button
Seat 1: 77samuel33 (€6.92 in chips) 
Seat 2: MDKristian (€2 in chips) 
Seat 3: SrLyrox (€6.14 in chips) 
Seat 4: spoke_6969 (€2.63 in chips) 
Seat 5: grenha1972 (€3.80 in chips) 
Seat 6: pipinoelbreve9 (€4.54 in chips) 
MDKristian: posts small blind €0.01
SrLyrox: posts big blind €0.02
*** HOLE CARDS ***
Dealt to pipinoelbreve9 [9d 3c]
spoke_6969: folds 
grenha1972: calls €0.02
pipinoelbreve9: folds 
77samuel33: folds 
MDKristian: folds 
SrLyrox: checks 
*** FLOP *** [6s 2h 2d]
SrLyrox: checks 
grenha1972: checks 
*** TURN *** [6s 2h 2d] [9c]
SrLyrox: checks 
grenha1972: checks 
*** RIVER *** [6s 2h 2d 9c] [8d]
SrLyrox: checks 
grenha1972: checks 
*** SHOW DOWN ***
SrLyrox: shows [4s Kc] (a pair of Deuces)
grenha1972: shows [3s 3h] (two pair, Threes and Deuces)
grenha1972 collected €0.05 from pot
*** SUMMARY ***
Total pot €0.05 | Rake €0 
Board [6s 2h 2d 9c 8d]
Seat 1: 77samuel33 (button) folded before Flop (didn't bet)
Seat 2: MDKristian (small blind) folded before Flop
Seat 3: SrLyrox (big blind) showed [4s Kc] and lost with a pair of Deuces
Seat 4: spoke_6969 folded before Flop (didn't bet)
Seat 5: grenha1972 showed [3s 3h] and won (€0.05) with two pair, Threes and Deuces
Seat 6: pipinoelbreve9 folded before Flop (didn't bet)



PokerStars Zoom Hand #257607321237:  Hold'em No Limit (€0.01/€0.02) - 2025/09/04 12:48:32 CET [2025/09/04 6:48:32 ET]
Table 'Arneb' 6-max Seat #1 is the button
Seat 1: more457 (€1.07 in chips) 
Seat 2: 77samuel33 (€4.45 in chips) 
Seat 3: @RobarTevoy99 (€6.70 in chips) 
Seat 4: pipinoelbreve9 (€4.54 in chips) 
Seat 5: xaratax (€2 in chips) 
Seat 6: MDKristian (€2.09 in chips) 
77samuel33: posts small blind €0.01
@RobarTevoy99: posts big blind €0.02
*** HOLE CARDS ***
Dealt to pipinoelbreve9 [3c 2s]
pipinoelbreve9: folds 
xaratax: folds 
MDKristian: folds 
more457: raises €0.02 to €0.04
77samuel33: folds 
@RobarTevoy99: calls €0.02
*** FLOP *** [7s 8d Ad]
@RobarTevoy99: checks 
more457: bets €0.05
@RobarTevoy99: calls €0.05
*** TURN *** [7s 8d Ad] [2d]
@RobarTevoy99: checks 
more457: bets €0.09
@RobarTevoy99: folds 
Uncalled bet (€0.09) returned to more457
more457 collected €0.18 from pot
more457: doesn't show hand 
*** SUMMARY ***
Total pot €0.19 | Rake €0.01 
Board [7s 8d Ad 2d]
Seat 1: more457 (button) collected (€0.18)
Seat 2: 77samuel33 (small blind) folded before Flop
Seat 3: @RobarTevoy99 (big blind) folded on the Turn
Seat 4: pipinoelbreve9 folded before Flop (didn't bet)
Seat 5: xaratax folded before Flop (didn't bet)
Seat 6: MDKristian folded before Flop (didn't bet)



PokerStars Zoom Hand #257607321649:  Hold'em No Limit (€0.01/€0.02) - 2025/09/04 12:48:36 CET [2025/09/04 6:48:36 ET]
Table 'Arneb' 6-max Seat #1 is the button
Seat 1: McMack626 (€2.35 in chips) 
Seat 2: Penha17213 (€2.05 in chips) 
Seat 3: pipinoelbreve9 (€4.54 in chips) 
Seat 4: MDKristian (€2.09 in chips) 
Seat 5: poteaarte (€3.10 in chips) 
Seat 6: grenha1972 (€2.16 in chips) 
Penha17213: posts small blind €0.01
pipinoelbreve9: posts big blind €0.02
*** HOLE CARDS ***
Dealt to pipinoelbreve9 [6h Ad]
MDKristian: folds 
poteaarte: raises €0.04 to €0.06
grenha1972: folds 
McMack626: folds 
Penha17213: calls €0.05
pipinoelbreve9: calls €0.04
*** FLOP *** [7h As 3c]
Penha17213: checks 
pipinoelbreve9: checks 
poteaarte: bets €0.06
Penha17213: folds 
pipinoelbreve9: calls €0.06
*** TURN *** [7h As 3c] [8s]
pipinoelbreve9: checks 
poteaarte: bets €0.16
pipinoelbreve9: calls €0.16
*** RIVER *** [7h As 3c 8s] [Ts]
pipinoelbreve9: bets €0.30
poteaarte: folds 
Uncalled bet (€0.30) returned to pipinoelbreve9
pipinoelbreve9 collected €0.59 from pot
pipinoelbreve9: doesn't show hand 
*** SUMMARY ***
Total pot €0.62 | Rake €0.03 
Board [7h As 3c 8s Ts]
Seat 1: McMack626 (button) folded before Flop (didn't bet)
Seat 2: Penha17213 (small blind) folded on the Flop
Seat 3: pipinoelbreve9 (big blind) collected (€0.59)
Seat 4: MDKristian folded before Flop (didn't bet)
Seat 5: poteaarte folded on the River
Seat 6: grenha1972 folded before Flop (didn't bet)



PokerStars Zoom Hand #257607330464:  Hold'em No Limit (€0.01/€0.02) - 2025/09/04 12:50:01 CET [2025/09/04 6:50:01 ET]
Table 'Arneb' 6-max Seat #1 is the button
Seat 1: eneko83 (€2.31 in chips) 
Seat 2: pipinoelbreve9 (€4.85 in chips) 
Seat 3: canokiller (€2.12 in chips) 
Seat 4: poteaarte (€2.82 in chips) 
Seat 5: SrLyrox (€6.54 in chips) 
Seat 6: @RobarTevoy99 (€2.63 in chips) 
pipinoelbreve9: posts small blind €0.01
canokiller: posts big blind €0.02
*** HOLE CARDS ***
Dealt to pipinoelbreve9 [8c Qh]
poteaarte: raises €0.04 to €0.06
SrLyrox: raises €0.08 to €0.14
@RobarTevoy99: folds 
eneko83: calls €0.14
pipinoelbreve9: folds 
canokiller: folds 
poteaarte: calls €0.08
*** FLOP *** [5c 3s 9d]
poteaarte: checks 
SrLyrox: bets €0.13
eneko83: calls €0.13
poteaarte: folds 
*** TURN *** [5c 3s 9d] [2d]
SrLyrox: checks 
eneko83: bets €0.34
SrLyrox: folds 
Uncalled bet (€0.34) returned to eneko83
eneko83 collected €0.67 from pot
eneko83: doesn't show hand 
*** SUMMARY ***
Total pot €0.71 | Rake €0.04 
Board [5c 3s 9d 2d]
Seat 1: eneko83 (button) collected (€0.67)
Seat 2: pipinoelbreve9 (small blind) folded before Flop
Seat 3: canokiller (big blind) folded before Flop
Seat 4: poteaarte folded on the Flop
Seat 5: SrLyrox folded on the Turn
Seat 6: @RobarTevoy99 folded before Flop (didn't bet)



PokerStars Zoom Hand #257607331147:  Hold'em No Limit (€0.01/€0.02) - 2025/09/04 12:50:07 CET [2025/09/04 6:50:07 ET]
Table 'Arneb' 6-max Seat #1 is the button
Seat 1: MDKristian (€2 in chips) 
Seat 2: Danipro178 (€2.06 in chips) 
Seat 3: 77samuel33 (€4.47 in chips) 
Seat 4: DavSnook (€1.83 in chips) 
Seat 5: pipinoelbreve9 (€4.84 in chips) 
Seat 6: marcel13013 (€1.83 in chips) 
Danipro178: posts small blind €0.01
77samuel33: posts big blind €0.02
*** HOLE CARDS ***
Dealt to pipinoelbreve9 [Ks Ad]
DavSnook: folds 
pipinoelbreve9: raises €0.04 to €0.06
marcel13013: folds 
MDKristian: folds 
Danipro178: folds 
77samuel33: calls €0.04
*** FLOP *** [8d Ah 5h]
77samuel33: checks 
pipinoelbreve9: bets €0.06
77samuel33: calls €0.06
*** TURN *** [8d Ah 5h] [3c]
77samuel33: checks 
pipinoelbreve9: bets €0.12
77samuel33: calls €0.12
*** RIVER *** [8d Ah 5h 3c] [2s]
77samuel33: checks 
pipinoelbreve9: bets €0.31
77samuel33: raises €3.92 to €4.23 and is all-in
pipinoelbreve9: folds 
Uncalled bet (€3.92) returned to 77samuel33
77samuel33 collected €1.05 from pot
77samuel33: doesn't show hand 
*** SUMMARY ***
Total pot €1.11 | Rake €0.06 
Board [8d Ah 5h 3c 2s]
Seat 1: MDKristian (button) folded before Flop (didn't bet)
Seat 2: Danipro178 (small blind) folded before Flop
Seat 3: 77samuel33 (big blind) collected (€1.05)
Seat 4: DavSnook folded before Flop (didn't bet)
Seat 5: pipinoelbreve9 folded on the River
Seat 6: marcel13013 folded before Flop (didn't bet)



PokerStars Zoom Hand #257607344192:  Hold'em No Limit (€0.01/€0.02) - 2025/09/04 12:52:13 CET [2025/09/04 6:52:13 ET]
Table 'Arneb' 6-max Seat #1 is the button
Seat 1: pipinoelbreve9 (€4.29 in chips) 
Seat 2: Bengball (€2.50 in chips) 
Seat 3: joanmi_sanchez (€2.68 in chips) 
Seat 4: poteaarte (€4.26 in chips) 
Seat 5: MDKristian (€2.17 in chips) 
Seat 6: Danipro178 (€2.02 in chips) 
Bengball: posts small blind €0.01
joanmi_sanchez: posts big blind €0.02
*** HOLE CARDS ***
Dealt to pipinoelbreve9 [7s 6s]
poteaarte: raises €0.04 to €0.06
MDKristian: folds 
Danipro178: folds 
pipinoelbreve9: raises €0.06 to €0.12
Bengball: folds 
joanmi_sanchez: folds 
poteaarte: raises €0.18 to €0.30
pipinoelbreve9: calls €0.18
*** FLOP *** [4c 4d 8h]
poteaarte: bets €0.16
pipinoelbreve9: calls €0.16
*** TURN *** [4c 4d 8h] [7c]
poteaarte: bets €0.47
pipinoelbreve9: calls €0.47
*** RIVER *** [4c 4d 8h 7c] [As]
poteaarte: bets €1.20
pipinoelbreve9: folds 
Uncalled bet (€1.20) returned to poteaarte
poteaarte collected €1.80 from pot
poteaarte: doesn't show hand 
*** SUMMARY ***
Total pot €1.89 | Rake €0.09 
Board [4c 4d 8h 7c As]
Seat 1: pipinoelbreve9 (button) folded on the River
Seat 2: Bengball (small blind) folded before Flop
Seat 3: joanmi_sanchez (big blind) folded before Flop
Seat 4: poteaarte collected (€1.80)
Seat 5: MDKristian folded before Flop (didn't bet)
Seat 6: Danipro178 folded before Flop (didn't bet)



PokerStars Zoom Hand #257607352172:  Hold'em No Limit (€0.01/€0.02) - 2025/09/04 12:53:29 CET [2025/09/04 6:53:29 ET]
Table 'Arneb' 6-max Seat #1 is the button
Seat 1: more457 (€1.29 in chips) 
Seat 2: perkales133 (€2.01 in chips) 
Seat 3: txai56 (€1.98 in chips) 
Seat 4: Danipro178 (€2 in chips) 
Seat 5: pipinoelbreve9 (€3.36 in chips) 
Seat 6: MDKristian (€2.30 in chips) 
perkales133: posts small blind €0.01
txai56: posts big blind €0.02
*** HOLE CARDS ***
Dealt to pipinoelbreve9 [7s 9s]
Danipro178: folds 
pipinoelbreve9: folds 
MDKristian: folds 
more457: folds 
perkales133: raises €0.04 to €0.06
txai56: folds 
Uncalled bet (€0.04) returned to perkales133
perkales133 collected €0.04 from pot
perkales133: doesn't show hand 
*** SUMMARY ***
Total pot €0.04 | Rake €0 
Seat 1: more457 (button) folded before Flop (didn't bet)
Seat 2: perkales133 (small blind) collected (€0.04)
Seat 3: txai56 (big blind) folded before Flop
Seat 4: Danipro178 folded before Flop (didn't bet)
Seat 5: pipinoelbreve9 folded before Flop (didn't bet)
Seat 6: MDKristian folded before Flop (didn't bet)



PokerStars Zoom Hand #257607351471:  Hold'em No Limit (€0.01/€0.02) - 2025/09/04 12:53:22 CET [2025/09/04 6:53:22 ET]
Table 'Arneb' 6-max Seat #1 is the button
Seat 1: marcel13013 (€3.27 in chips) 
Seat 2: MDKristian (€2.31 in chips) 
Seat 3: grenha1972 (€1.84 in chips) 
Seat 4: pipinoelbreve9 (€3.36 in chips) 
Seat 5: @RobarTevoy99 (€7.30 in chips) 
Seat 6: yaya7938 (€0.15 in chips) 
MDKristian: posts small blind €0.01
grenha1972: posts big blind €0.02
*** HOLE CARDS ***
Dealt to pipinoelbreve9 [Ac 4h]
pipinoelbreve9: folds 
@RobarTevoy99: raises €0.05 to €0.07
yaya7938: calls €0.07
marcel13013: folds 
MDKristian: folds 
grenha1972: calls €0.05
*** FLOP *** [4c Qh Tc]
grenha1972: checks 
@RobarTevoy99: bets €0.12
yaya7938: calls €0.08 and is all-in
grenha1972: folds 
Uncalled bet (€0.04) returned to @RobarTevoy99
*** TURN *** [4c Qh Tc] [7c]
*** RIVER *** [4c Qh Tc 7c] [8s]
*** SHOW DOWN ***
@RobarTevoy99: shows [As Ad] (a pair of Aces)
yaya7938: shows [9c 8c] (a flush, Ten high)
yaya7938 collected €0.36 from pot
*** SUMMARY ***
Total pot €0.38 | Rake €0.02 
Board [4c Qh Tc 7c 8s]
Seat 1: marcel13013 (button) folded before Flop (didn't bet)
Seat 2: MDKristian (small blind) folded before Flop
Seat 3: grenha1972 (big blind) folded on the Flop
Seat 4: pipinoelbreve9 folded before Flop (didn't bet)
Seat 5: @RobarTevoy99 showed [As Ad] and lost with a pair of Aces
Seat 6: yaya7938 showed [9c 8c] and won (€0.36) with a flush, Ten high



PokerStars Zoom Hand #257607353648:  Hold'em No Limit (€0.01/€0.02) - 2025/09/04 12:53:43 CET [2025/09/04 6:53:43 ET]
Table 'Arneb' 6-max Seat #1 is the button
Seat 1: KillVerlaine (€2.07 in chips) 
Seat 2: morganlee66 (€1.75 in chips) 
Seat 3: pipinoelbreve9 (€3.36 in chips) 
Seat 4: DavSnook (€1.62 in chips) 
Seat 5: @RobarTevoy99 (€2.70 in chips) 
Seat 6: txai56 (€1.96 in chips) 
morganlee66: posts small blind €0.01
pipinoelbreve9: posts big blind €0.02
*** HOLE CARDS ***
Dealt to pipinoelbreve9 [9h 3c]
DavSnook: raises €0.05 to €0.07
@RobarTevoy99: folds 
txai56: folds 
KillVerlaine: folds 
morganlee66: folds 
pipinoelbreve9: folds 
Uncalled bet (€0.05) returned to DavSnook
DavSnook collected €0.05 from pot
DavSnook: doesn't show hand 
*** SUMMARY ***
Total pot €0.05 | Rake €0 
Seat 1: KillVerlaine (button) folded before Flop (didn't bet)
Seat 2: morganlee66 (small blind) folded before Flop
Seat 3: pipinoelbreve9 (big blind) folded before Flop
Seat 4: DavSnook collected (€0.05)
Seat 5: @RobarTevoy99 folded before Flop (didn't bet)
Seat 6: txai56 folded before Flop (didn't bet)



PokerStars Zoom Hand #257607353062:  Hold'em No Limit (€0.01/€0.02) - 2025/09/04 12:53:38 CET [2025/09/04 6:53:38 ET]
Table 'Arneb' 6-max Seat #1 is the button
Seat 1: lorocontento (€1.12 in chips) 
Seat 2: poteaarte (€3.82 in chips) 
Seat 3: MDKristian (€2.13 in chips) 
Seat 4: Bengball (€2.32 in chips) 
Seat 5: morganlee66 (€1.75 in chips) 
Seat 6: pipinoelbreve9 (€3.36 in chips) 
poteaarte: posts small blind €0.01
MDKristian: posts big blind €0.02
*** HOLE CARDS ***
Dealt to pipinoelbreve9 [5d 7s]
Bengball: folds 
morganlee66: folds 
pipinoelbreve9: folds 
lorocontento: folds 
poteaarte: calls €0.01
MDKristian: checks 
*** FLOP *** [8s 5s Jc]
poteaarte: checks 
MDKristian: checks 
*** TURN *** [8s 5s Jc] [2c]
poteaarte: checks 
MDKristian: checks 
*** RIVER *** [8s 5s Jc 2c] [Qs]
poteaarte: checks 
MDKristian: checks 
*** SHOW DOWN ***
poteaarte: shows [6s 7h] (high card Queen)
MDKristian: shows [Qc Td] (a pair of Queens)
MDKristian collected €0.04 from pot
*** SUMMARY ***
Total pot €0.04 | Rake €0 
Board [8s 5s Jc 2c Qs]
Seat 1: lorocontento (button) folded before Flop (didn't bet)
Seat 2: poteaarte (small blind) showed [6s 7h] and lost with high card Queen
Seat 3: MDKristian (big blind) showed [Qc Td] and won (€0.04) with a pair of Queens
Seat 4: Bengball folded before Flop (didn't bet)
Seat 5: morganlee66 folded before Flop (didn't bet)
Seat 6: pipinoelbreve9 folded before Flop (didn't bet)



PokerStars Zoom Hand #257607356184:  Hold'em No Limit (€0.01/€0.02) - 2025/09/04 12:54:07 CET [2025/09/04 6:54:07 ET]
Table 'Arneb' 6-max Seat #1 is the button
Seat 1: McMack626 (€1.94 in chips) 
Seat 2: pipinoelbreve9 (€3.34 in chips) 
Seat 3: Dimusa22 (€1.09 in chips) 
Seat 4: txai56 (€2.32 in chips) 
Seat 5: D Tasmania (€1.63 in chips) 
Seat 6: more457 (€0.88 in chips) 
pipinoelbreve9: posts small blind €0.01
Dimusa22: posts big blind €0.02
*** HOLE CARDS ***
Dealt to pipinoelbreve9 [9c 6d]
txai56: folds 
D Tasmania: folds 
more457: raises €0.04 to €0.06
McMack626: folds 
pipinoelbreve9: folds 
Dimusa22: folds 
Uncalled bet (€0.04) returned to more457
more457 collected €0.05 from pot
more457: doesn't show hand 
*** SUMMARY ***
Total pot €0.05 | Rake €0 
Seat 1: McMack626 (button) folded before Flop (didn't bet)
Seat 2: pipinoelbreve9 (small blind) folded before Flop
Seat 3: Dimusa22 (big blind) folded before Flop
Seat 4: txai56 folded before Flop (didn't bet)
Seat 5: D Tasmania folded before Flop (didn't bet)
Seat 6: more457 collected (€0.05)



PokerStars Zoom Hand #257607354422:  Hold'em No Limit (€0.01/€0.02) - 2025/09/04 12:53:50 CET [2025/09/04 6:53:50 ET]
Table 'Arneb' 6-max Seat #1 is the button
Seat 1: grenha1972 (€1.77 in chips) 
Seat 2: txai56 (€1.96 in chips) 
Seat 3: more457 (€1.28 in chips) 
Seat 4: mari197721 (€2.64 in chips) 
Seat 5: lorocontento (€1.12 in chips) 
Seat 6: pipinoelbreve9 (€3.34 in chips) 
txai56: posts small blind €0.01
more457: posts big blind €0.02
*** HOLE CARDS ***
Dealt to pipinoelbreve9 [Ks 2d]
mari197721: raises €0.02 to €0.04
lorocontento: folds 
pipinoelbreve9: folds 
grenha1972: raises €0.08 to €0.12
txai56: folds 
more457: folds 
mari197721: calls €0.08
*** FLOP *** [2h 9d 7h]
mari197721: checks 
grenha1972: bets €0.18
mari197721: folds 
Uncalled bet (€0.18) returned to grenha1972
grenha1972 collected €0.26 from pot
grenha1972: doesn't show hand 
*** SUMMARY ***
Total pot €0.27 | Rake €0.01 
Board [2h 9d 7h]
Seat 1: grenha1972 (button) collected (€0.26)
Seat 2: txai56 (small blind) folded before Flop
Seat 3: more457 (big blind) folded before Flop
Seat 4: mari197721 folded on the Flop
Seat 5: lorocontento folded before Flop (didn't bet)
Seat 6: pipinoelbreve9 folded before Flop (didn't bet)



PokerStars Zoom Hand #257607357687:  Hold'em No Limit (€0.01/€0.02) - 2025/09/04 12:54:22 CET [2025/09/04 6:54:22 ET]
Table 'Arneb' 6-max Seat #1 is the button
Seat 1: pipinoelbreve9 (€3.33 in chips) 
Seat 2: Penha17213 (€2 in chips) 
Seat 3: yaya7938 (€0.27 in chips) 
Seat 4: MDKristian (€2.35 in chips) 
Seat 5: morenovlcia (€1.01 in chips) 
Seat 6: more457 (€1.41 in chips) 
Penha17213: posts small blind €0.01
yaya7938: posts big blind €0.02
*** HOLE CARDS ***
Dealt to pipinoelbreve9 [As 8s]
MDKristian: folds 
morenovlcia: folds 
more457: folds 
pipinoelbreve9: raises €0.04 to €0.06
Penha17213: folds 
yaya7938: calls €0.04
*** FLOP *** [Ts Ks 8c]
yaya7938: checks 
pipinoelbreve9: bets €0.04
yaya7938: folds 
Uncalled bet (€0.04) returned to pipinoelbreve9
pipinoelbreve9 collected €0.12 from pot
pipinoelbreve9: doesn't show hand 
*** SUMMARY ***
Total pot €0.13 | Rake €0.01 
Board [Ts Ks 8c]
Seat 1: pipinoelbreve9 (button) collected (€0.12)
Seat 2: Penha17213 (small blind) folded before Flop
Seat 3: yaya7938 (big blind) folded on the Flop
Seat 4: MDKristian folded before Flop (didn't bet)
Seat 5: morenovlcia folded before Flop (didn't bet)
Seat 6: more457 folded before Flop (didn't bet)



PokerStars Zoom Hand #257607360957:  Hold'em No Limit (€0.01/€0.02) - 2025/09/04 12:54:52 CET [2025/09/04 6:54:52 ET]
Table 'Arneb' 6-max Seat #1 is the button
Seat 1: more457 (€1.23 in chips) 
Seat 2: McMack626 (€1.99 in chips) 
Seat 3: D Tasmania (€1.39 in chips) 
Seat 4: pipinoelbreve9 (€3.39 in chips) 
Seat 5: MDKristian (€2.09 in chips) 
Seat 6: DavSnook (€6.99 in chips) 
McMack626: posts small blind €0.01
D Tasmania: posts big blind €0.02
*** HOLE CARDS ***
Dealt to pipinoelbreve9 [As 5h]
pipinoelbreve9: folds 
MDKristian: folds 
DavSnook: folds 
more457: folds 
McMack626: raises €0.02 to €0.04
D Tasmania: calls €0.02
*** FLOP *** [3d 5c 4d]
McMack626: checks 
D Tasmania: checks 
*** TURN *** [3d 5c 4d] [6d]
McMack626: checks 
D Tasmania: checks 
*** RIVER *** [3d 5c 4d 6d] [Qd]
McMack626: bets €0.04
D Tasmania: folds 
Uncalled bet (€0.04) returned to McMack626
McMack626 collected €0.08 from pot
McMack626: doesn't show hand 
*** SUMMARY ***
Total pot €0.08 | Rake €0 
Board [3d 5c 4d 6d Qd]
Seat 1: more457 (button) folded before Flop (didn't bet)
Seat 2: McMack626 (small blind) collected (€0.08)
Seat 3: D Tasmania (big blind) folded on the River
Seat 4: pipinoelbreve9 folded before Flop (didn't bet)
Seat 5: MDKristian folded before Flop (didn't bet)
Seat 6: DavSnook folded before Flop (didn't bet)



PokerStars Zoom Hand #257607362083:  Hold'em No Limit (€0.01/€0.02) - 2025/09/04 12:55:03 CET [2025/09/04 6:55:03 ET]
Table 'Arneb' 6-max Seat #1 is the button
Seat 1: joanmi_sanchez (€2.38 in chips) 
Seat 2: thenry03 (€2.52 in chips) 
Seat 3: pipinoelbreve9 (€3.39 in chips) 
Seat 4: DavSnook (€1.83 in chips) 
Seat 5: RCSA2 (€2.12 in chips) 
Seat 6: @RobarTevoy99 (€1.68 in chips) 
thenry03: posts small blind €0.01
pipinoelbreve9: posts big blind €0.02
*** HOLE CARDS ***
Dealt to pipinoelbreve9 [Td 8c]
DavSnook: raises €0.05 to €0.07
RCSA2: calls €0.07
@RobarTevoy99: folds 
joanmi_sanchez: folds 
thenry03: folds 
pipinoelbreve9: folds 
*** FLOP *** [5h 7h 9d]
DavSnook: bets €0.08
RCSA2: folds 
Uncalled bet (€0.08) returned to DavSnook
DavSnook collected €0.16 from pot
DavSnook: doesn't show hand 
*** SUMMARY ***
Total pot €0.17 | Rake €0.01 
Board [5h 7h 9d]
Seat 1: joanmi_sanchez (button) folded before Flop (didn't bet)
Seat 2: thenry03 (small blind) folded before Flop
Seat 3: pipinoelbreve9 (big blind) folded before Flop
Seat 4: DavSnook collected (€0.16)
Seat 5: RCSA2 folded on the Flop
Seat 6: @RobarTevoy99 folded before Flop (didn't bet)



PokerStars Zoom Hand #257607359564:  Hold'em No Limit (€0.01/€0.02) - 2025/09/04 12:54:40 CET [2025/09/04 6:54:40 ET]
Table 'Arneb' 6-max Seat #1 is the button
Seat 1: perkales133 (€2.03 in chips) 
Seat 2: MDKristian (€2.36 in chips) 
Seat 3: Penha17213 (€2.28 in chips) 
Seat 4: more457 (€0.91 in chips) 
Seat 5: pipinoelbreve9 (€3.39 in chips) 
Seat 6: @RobarTevoy99 (€1.84 in chips) 
MDKristian: posts small blind €0.01
Penha17213: posts big blind €0.02
*** HOLE CARDS ***
Dealt to pipinoelbreve9 [3d 3h]
more457: folds 
pipinoelbreve9: folds 
@RobarTevoy99: folds 
perkales133: raises €0.04 to €0.06
MDKristian: folds 
Penha17213: calls €0.04
*** FLOP *** [7s Js 9h]
Penha17213: checks 
perkales133: bets €0.04
Penha17213: calls €0.04
*** TURN *** [7s Js 9h] [2h]
Penha17213: checks 
perkales133: checks 
*** RIVER *** [7s Js 9h 2h] [Qh]
Penha17213: checks 
perkales133: checks 
*** SHOW DOWN ***
Penha17213: shows [Ac 9d] (a pair of Nines)
perkales133: mucks hand 
Penha17213 collected €0.20 from pot
*** SUMMARY ***
Total pot €0.21 | Rake €0.01 
Board [7s Js 9h 2h Qh]
Seat 1: perkales133 (button) mucked [5c 4c]
Seat 2: MDKristian (small blind) folded before Flop
Seat 3: Penha17213 (big blind) showed [Ac 9d] and won (€0.20) with a pair of Nines
Seat 4: more457 folded before Flop (didn't bet)
Seat 5: pipinoelbreve9 folded before Flop (didn't bet)
Seat 6: @RobarTevoy99 folded before Flop (didn't bet)



PokerStars Zoom Hand #257607363699:  Hold'em No Limit (€0.01/€0.02) - 2025/09/04 12:55:21 CET [2025/09/04 6:55:21 ET]
Table 'Arneb' 6-max Seat #1 is the button
Seat 1: Danipro178 (€2.09 in chips) 
Seat 2: MDKristian (€2.07 in chips) 
Seat 3: txai56 (€2.31 in chips) 
Seat 4: DavSnook (€4.44 in chips) 
Seat 5: joanmi_sanchez (€2.38 in chips) 
Seat 6: pipinoelbreve9 (€3.36 in chips) 
MDKristian: posts small blind €0.01
txai56: posts big blind €0.02
*** HOLE CARDS ***
Dealt to pipinoelbreve9 [6s 6h]
DavSnook: folds 
joanmi_sanchez: folds 
pipinoelbreve9: raises €0.04 to €0.06
Danipro178: folds 
MDKristian: folds 
txai56: folds 
Uncalled bet (€0.04) returned to pipinoelbreve9
pipinoelbreve9 collected €0.05 from pot
pipinoelbreve9: doesn't show hand 
*** SUMMARY ***
Total pot €0.05 | Rake €0 
Seat 1: Danipro178 (button) folded before Flop (didn't bet)
Seat 2: MDKristian (small blind) folded before Flop
Seat 3: txai56 (big blind) folded before Flop
Seat 4: DavSnook folded before Flop (didn't bet)
Seat 5: joanmi_sanchez folded before Flop (didn't bet)
Seat 6: pipinoelbreve9 collected (€0.05)



PokerStars Zoom Hand #257607362861:  Hold'em No Limit (€0.01/€0.02) - 2025/09/04 12:55:11 CET [2025/09/04 6:55:11 ET]
Table 'Arneb' 6-max Seat #1 is the button
Seat 1: juanjebagre (€1.90 in chips) 
Seat 2: pipinoelbreve9 (€3.37 in chips) 
Seat 3: eneko83 (€1.80 in chips) 
Seat 4: MDKristian (€2.07 in chips) 
Seat 5: more457 (€1.16 in chips) 
Seat 6: spoke_6969 (€2.10 in chips) 
pipinoelbreve9: posts small blind €0.01
eneko83: posts big blind €0.02
*** HOLE CARDS ***
Dealt to pipinoelbreve9 [Kh 3s]
MDKristian: folds 
more457: raises €0.04 to €0.06
spoke_6969: folds 
juanjebagre: calls €0.06
pipinoelbreve9: folds 
eneko83: folds 
*** FLOP *** [7s Ad Qc]
more457: bets €0.07
juanjebagre: calls €0.07
*** TURN *** [7s Ad Qc] [3d]
more457: bets €0.14
juanjebagre: calls €0.14
*** RIVER *** [7s Ad Qc 3d] [6h]
more457: bets €0.27
juanjebagre: raises €1.36 to €1.63 and is all-in
more457: folds 
Uncalled bet (€1.36) returned to juanjebagre
juanjebagre collected €1.05 from pot
juanjebagre: doesn't show hand 
*** SUMMARY ***
Total pot €1.11 | Rake €0.06 
Board [7s Ad Qc 3d 6h]
Seat 1: juanjebagre (button) collected (€1.05)
Seat 2: pipinoelbreve9 (small blind) folded before Flop
Seat 3: eneko83 (big blind) folded before Flop
Seat 4: MDKristian folded before Flop (didn't bet)
Seat 5: more457 folded on the River
Seat 6: spoke_6969 folded before Flop (didn't bet)



PokerStars Zoom Hand #257607361423:  Hold'em No Limit (€0.01/€0.02) - 2025/09/04 12:54:56 CET [2025/09/04 6:54:56 ET]
Table 'Arneb' 6-max Seat #1 is the button
Seat 1: pipinoelbreve9 (€3.39 in chips) 
Seat 2: mathangele (€1.92 in chips) 
Seat 3: AlonsoSf24 (€1.60 in chips) 
Seat 4: eneko83 (€1.80 in chips) 
Seat 5: @RobarTevoy99 (€1.82 in chips) 
Seat 6: more457 (€1.23 in chips) 
mathangele: posts small blind €0.01
AlonsoSf24: posts big blind €0.02
*** HOLE CARDS ***
Dealt to pipinoelbreve9 [3s 6c]
eneko83: folds 
@RobarTevoy99: folds 
more457: raises €0.05 to €0.07
pipinoelbreve9: folds 
mathangele: calls €0.06
AlonsoSf24 is disconnected 
AlonsoSf24 has timed out while disconnected
AlonsoSf24: folds 
*** FLOP *** [8h Jd 7d]
mathangele: checks 
more457: bets €0.08
mathangele: folds 
Uncalled bet (€0.08) returned to more457
more457 collected €0.15 from pot
more457: doesn't show hand 
*** SUMMARY ***
Total pot €0.16 | Rake €0.01 
Board [8h Jd 7d]
Seat 1: pipinoelbreve9 (button) folded before Flop (didn't bet)
Seat 2: mathangele (small blind) folded on the Flop
Seat 3: AlonsoSf24 (big blind) folded before Flop
Seat 4: eneko83 folded before Flop (didn't bet)
Seat 5: @RobarTevoy99 folded before Flop (didn't bet)
Seat 6: more457 collected (€0.15)



PokerStars Zoom Hand #257607365319:  Hold'em No Limit (€0.01/€0.02) - 2025/09/04 12:55:40 CET [2025/09/04 6:55:40 ET]
Table 'Arneb' 6-max Seat #1 is the button
Seat 1: DavSnook (€6.84 in chips) 
Seat 2: grenha1972 (€1.83 in chips) 
Seat 3: Bengball (€2.24 in chips) 
Seat 4: Grenaund_ (€8.04 in chips) 
Seat 5: pipinoelbreve9 (€3.39 in chips) 
Seat 6: spoke_6969 (€2.09 in chips) 
grenha1972: posts small blind €0.01
Bengball: posts big blind €0.02
*** HOLE CARDS ***
Dealt to pipinoelbreve9 [Ah 7h]
Grenaund_: folds 
pipinoelbreve9: raises €0.04 to €0.06
spoke_6969: raises €0.15 to €0.21
DavSnook: calls €0.21
grenha1972: folds 
Bengball: folds 
pipinoelbreve9: calls €0.15
*** FLOP *** [Qd Kh 8c]
pipinoelbreve9: checks 
spoke_6969: checks 
DavSnook: checks 
*** TURN *** [Qd Kh 8c] [4s]
pipinoelbreve9: checks 
spoke_6969: bets €0.34
DavSnook: folds 
pipinoelbreve9: folds 
Uncalled bet (€0.34) returned to spoke_6969
spoke_6969 collected €0.63 from pot
spoke_6969: doesn't show hand 
*** SUMMARY ***
Total pot €0.66 | Rake €0.03 
Board [Qd Kh 8c 4s]
Seat 1: DavSnook (button) folded on the Turn
Seat 2: grenha1972 (small blind) folded before Flop
Seat 3: Bengball (big blind) folded before Flop
Seat 4: Grenaund_ folded before Flop (didn't bet)
Seat 5: pipinoelbreve9 folded on the Turn
Seat 6: spoke_6969 collected (€0.63)



PokerStars Zoom Hand #257607370104:  Hold'em No Limit (€0.01/€0.02) - 2025/09/04 12:56:36 CET [2025/09/04 6:56:36 ET]
Table 'Arneb' 6-max Seat #1 is the button
Seat 1: damastodas (€0.70 in chips) 
Seat 2: eneko83 (€1.77 in chips) 
Seat 3: pipinoelbreve9 (€3.18 in chips) 
Seat 4: SrLyrox (€6 in chips) 
Seat 5: marcel13013 (€1.49 in chips) 
Seat 6: AngelAvilaAA (€1.82 in chips) 
eneko83: posts small blind €0.01
pipinoelbreve9: posts big blind €0.02
*** HOLE CARDS ***
Dealt to pipinoelbreve9 [7s 7c]
SrLyrox: folds 
marcel13013: folds 
AngelAvilaAA: folds 
damastodas: folds 
eneko83: folds 
Uncalled bet (€0.01) returned to pipinoelbreve9
pipinoelbreve9 collected €0.02 from pot
pipinoelbreve9: doesn't show hand 
*** SUMMARY ***
Total pot €0.02 | Rake €0 
Seat 1: damastodas (button) folded before Flop (didn't bet)
Seat 2: eneko83 (small blind) folded before Flop
Seat 3: pipinoelbreve9 (big blind) collected (€0.02)
Seat 4: SrLyrox folded before Flop (didn't bet)
Seat 5: marcel13013 folded before Flop (didn't bet)
Seat 6: AngelAvilaAA folded before Flop (didn't bet)



PokerStars Zoom Hand #257607369344:  Hold'em No Limit (€0.01/€0.02) - 2025/09/04 12:56:28 CET [2025/09/04 6:56:28 ET]
Table 'Arneb' 6-max Seat #1 is the button
Seat 1: KillVerlaine (€2.31 in chips) 
Seat 2: grenha1972 (€1.74 in chips) 
Seat 3: @RobarTevoy99 (€1.64 in chips) 
Seat 4: MDKristian (€2.17 in chips) 
Seat 5: pipinoelbreve9 (€3.18 in chips) 
Seat 6: morganlee66 (€1.60 in chips) 
grenha1972: posts small blind €0.01
@RobarTevoy99: posts big blind €0.02
*** HOLE CARDS ***
Dealt to pipinoelbreve9 [Kc 4s]
MDKristian: folds 
pipinoelbreve9: folds 
morganlee66: calls €0.02
KillVerlaine: folds 
grenha1972: folds 
@RobarTevoy99: checks 
*** FLOP *** [6h 3c 2c]
@RobarTevoy99: checks 
morganlee66: bets €0.03
@RobarTevoy99: calls €0.03
*** TURN *** [6h 3c 2c] [5h]
@RobarTevoy99: checks 
morganlee66: bets €0.05
@RobarTevoy99: raises €0.20 to €0.25
morganlee66: calls €0.20
*** RIVER *** [6h 3c 2c 5h] [7c]
@RobarTevoy99: bets €0.58
morganlee66: calls €0.58
*** SHOW DOWN ***
@RobarTevoy99: shows [4c Ad] (a straight, Three to Seven)
morganlee66: shows [Tc 9c] (a flush, Ten high)
morganlee66 collected €1.68 from pot
*** SUMMARY ***
Total pot €1.77 | Rake €0.09 
Board [6h 3c 2c 5h 7c]
Seat 1: KillVerlaine (button) folded before Flop (didn't bet)
Seat 2: grenha1972 (small blind) folded before Flop
Seat 3: @RobarTevoy99 (big blind) showed [4c Ad] and lost with a straight, Three to Seven
Seat 4: MDKristian folded before Flop (didn't bet)
Seat 5: pipinoelbreve9 folded before Flop (didn't bet)
Seat 6: morganlee66 showed [Tc 9c] and won (€1.68) with a flush, Ten high



PokerStars Zoom Hand #257607370825:  Hold'em No Limit (€0.01/€0.02) - 2025/09/04 12:56:45 CET [2025/09/04 6:56:45 ET]
Table 'Arneb' 6-max Seat #1 is the button
Seat 1: MDKristian (€2.19 in chips) 
Seat 2: pipinoelbreve9 (€3.19 in chips) 
Seat 3: belcebubu (€2 in chips) 
Seat 4: elenita_nait (€2.08 in chips) 
Seat 5: damastodas (€0.70 in chips) 
Seat 6: more457 (€0.61 in chips) 
pipinoelbreve9: posts small blind €0.01
belcebubu: posts big blind €0.02
*** HOLE CARDS ***
Dealt to pipinoelbreve9 [Th 4d]
elenita_nait: folds 
damastodas: folds 
more457: raises €0.02 to €0.04
MDKristian: folds 
pipinoelbreve9: folds 
belcebubu: folds 
Uncalled bet (€0.02) returned to more457
more457 collected €0.05 from pot
more457: doesn't show hand 
*** SUMMARY ***
Total pot €0.05 | Rake €0 
Seat 1: MDKristian (button) folded before Flop (didn't bet)
Seat 2: pipinoelbreve9 (small blind) folded before Flop
Seat 3: belcebubu (big blind) folded before Flop
Seat 4: elenita_nait folded before Flop (didn't bet)
Seat 5: damastodas folded before Flop (didn't bet)
Seat 6: more457 collected (€0.05)



PokerStars Zoom Hand #257607371775:  Hold'em No Limit (€0.01/€0.02) - 2025/09/04 12:56:56 CET [2025/09/04 6:56:56 ET]
Table 'Arneb' 6-max Seat #1 is the button
Seat 1: pipinoelbreve9 (€3.18 in chips) 
Seat 2: Danipro178 (€2.03 in chips) 
Seat 3: Sank90 (€1.30 in chips) 
Seat 4: MDKristian (€2 in chips) 
Seat 5: marcel13013 (€1.48 in chips) 
Seat 6: mathangele (€1.97 in chips) 
Danipro178: posts small blind €0.01
Sank90: posts big blind €0.02
*** HOLE CARDS ***
Dealt to pipinoelbreve9 [Tc Ad]
MDKristian: folds 
marcel13013: folds 
mathangele: folds 
pipinoelbreve9: raises €0.04 to €0.06
Danipro178: folds 
Sank90: calls €0.04
*** FLOP *** [2s Kh 6s]
Sank90: checks 
pipinoelbreve9: bets €0.04
Sank90: calls €0.04
*** TURN *** [2s Kh 6s] [Ac]
Sank90: bets €0.02
pipinoelbreve9: raises €0.12 to €0.14
Sank90: calls €0.12
*** RIVER *** [2s Kh 6s Ac] [2d]
Sank90: checks 
pipinoelbreve9: bets €0.24
Sank90: calls €0.24
*** SHOW DOWN ***
pipinoelbreve9: shows [Tc Ad] (two pair, Aces and Deuces)
Sank90: shows [8s As] (two pair, Aces and Deuces)
Sank90 collected €0.46 from pot
pipinoelbreve9 collected €0.46 from pot
*** SUMMARY ***
Total pot €0.97 | Rake €0.05 
Board [2s Kh 6s Ac 2d]
Seat 1: pipinoelbreve9 (button) showed [Tc Ad] and won (€0.46) with two pair, Aces and Deuces
Seat 2: Danipro178 (small blind) folded before Flop
Seat 3: Sank90 (big blind) showed [8s As] and won (€0.46) with two pair, Aces and Deuces
Seat 4: MDKristian folded before Flop (didn't bet)
Seat 5: marcel13013 folded before Flop (didn't bet)
Seat 6: mathangele folded before Flop (didn't bet)



PokerStars Zoom Hand #257607376568:  Hold'em No Limit (€0.01/€0.02) - 2025/09/04 12:57:53 CET [2025/09/04 6:57:53 ET]
Table 'Arneb' 6-max Seat #1 is the button
Seat 1: Grenaund_ (€8.07 in chips) 
Seat 2: Sank90 (€1.28 in chips) 
Seat 3: MDKristian (€2.20 in chips) 
Seat 4: pipinoelbreve9 (€3.16 in chips) 
Seat 5: canokiller (€2.31 in chips) 
Seat 6: SrLyrox (€6.07 in chips) 
Sank90: posts small blind €0.01
MDKristian: posts big blind €0.02
*** HOLE CARDS ***
Dealt to pipinoelbreve9 [9d Ks]
pipinoelbreve9: folds 
canokiller: folds 
SrLyrox: raises €0.04 to €0.06
Grenaund_: folds 
Sank90: folds 
MDKristian: folds 
Uncalled bet (€0.04) returned to SrLyrox
SrLyrox collected €0.05 from pot
SrLyrox: doesn't show hand 
*** SUMMARY ***
Total pot €0.05 | Rake €0 
Seat 1: Grenaund_ (button) folded before Flop (didn't bet)
Seat 2: Sank90 (small blind) folded before Flop
Seat 3: MDKristian (big blind) folded before Flop
Seat 4: pipinoelbreve9 folded before Flop (didn't bet)
Seat 5: canokiller folded before Flop (didn't bet)
Seat 6: SrLyrox collected (€0.05)



PokerStars Zoom Hand #257607377339:  Hold'em No Limit (€0.01/€0.02) - 2025/09/04 12:58:02 CET [2025/09/04 6:58:02 ET]
Table 'Arneb' 6-max Seat #1 is the button
Seat 1: more457 (€1.21 in chips) 
Seat 2: MDKristian (€2 in chips) 
Seat 3: AngelAvilaAA (€1.75 in chips) 
Seat 4: Asensiaco (€2.57 in chips) 
Seat 5: bufu92 (€1.88 in chips) 
Seat 6: pipinoelbreve9 (€3.16 in chips) 
MDKristian: posts small blind €0.01
AngelAvilaAA: posts big blind €0.02
*** HOLE CARDS ***
Dealt to pipinoelbreve9 [7h Qd]
Asensiaco: folds 
bufu92: folds 
pipinoelbreve9: folds 
more457: folds 
MDKristian: folds 
Uncalled bet (€0.01) returned to AngelAvilaAA
AngelAvilaAA collected €0.02 from pot
AngelAvilaAA: doesn't show hand 
*** SUMMARY ***
Total pot €0.02 | Rake €0 
Seat 1: more457 (button) folded before Flop (didn't bet)
Seat 2: MDKristian (small blind) folded before Flop
Seat 3: AngelAvilaAA (big blind) collected (€0.02)
Seat 4: Asensiaco folded before Flop (didn't bet)
Seat 5: bufu92 folded before Flop (didn't bet)
Seat 6: pipinoelbreve9 folded before Flop (didn't bet)



PokerStars Zoom Hand #257607378288:  Hold'em No Limit (€0.01/€0.02) - 2025/09/04 12:58:13 CET [2025/09/04 6:58:13 ET]
Table 'Arneb' 6-max Seat #1 is the button
Seat 1: @RobarTevoy99 (€1.61 in chips) 
Seat 2: Asensiaco (€2.57 in chips) 
Seat 3: Xplotas (€4.86 in chips) 
Seat 4: pipinoelbreve9 (€3.16 in chips) 
Seat 5: SrLyrox (€6.10 in chips) 
Seat 6: perkales133 (€1.92 in chips) 
Asensiaco: posts small blind €0.01
Xplotas: posts big blind €0.02
*** HOLE CARDS ***
Dealt to pipinoelbreve9 [4d 2c]
pipinoelbreve9 has timed out
pipinoelbreve9: folds 
SrLyrox: folds 
perkales133: folds 
@RobarTevoy99: folds 
Asensiaco: folds 
Uncalled bet (€0.01) returned to Xplotas
Xplotas collected €0.02 from pot
Xplotas: doesn't show hand 
*** SUMMARY ***
Total pot €0.02 | Rake €0 
Seat 1: @RobarTevoy99 (button) folded before Flop (didn't bet)
Seat 2: Asensiaco (small blind) folded before Flop
Seat 3: Xplotas (big blind) collected (€0.02)
Seat 4: pipinoelbreve9 folded before Flop (didn't bet)
Seat 5: SrLyrox folded before Flop (didn't bet)
Seat 6: perkales133 folded before Flop (didn't bet)



PokerStars Zoom Hand #257607410192:  Hold'em No Limit (€0.01/€0.02) - 2025/09/04 13:03:47 CET [2025/09/04 7:03:47 ET]
Table 'Arneb' 6-max Seat #1 is the button
Seat 1: 77samuel33 (€7.27 in chips) 
Seat 2: grenha1972 (€3.50 in chips) 
Seat 3: pipinoelbreve9 (€3.16 in chips) 
Seat 4: SrLyrox (€6.14 in chips) 
Seat 5: Zorgue1080 (€2.55 in chips) 
Seat 6: marcel13013 (€2.92 in chips) 
grenha1972: posts small blind €0.01
pipinoelbreve9: posts big blind €0.02
*** HOLE CARDS ***
Dealt to pipinoelbreve9 [Kc 2d]
SrLyrox: folds 
Zorgue1080: folds 
marcel13013: folds 
77samuel33: folds 
grenha1972: folds 
Uncalled bet (€0.01) returned to pipinoelbreve9
pipinoelbreve9 collected €0.02 from pot
pipinoelbreve9: doesn't show hand 
*** SUMMARY ***
Total pot €0.02 | Rake €0 
Seat 1: 77samuel33 (button) folded before Flop (didn't bet)
Seat 2: grenha1972 (small blind) folded before Flop
Seat 3: pipinoelbreve9 (big blind) collected (€0.02)
Seat 4: SrLyrox folded before Flop (didn't bet)
Seat 5: Zorgue1080 folded before Flop (didn't bet)
Seat 6: marcel13013 folded before Flop (didn't bet)



PokerStars Zoom Hand #257607411661:  Hold'em No Limit (€0.01/€0.02) - 2025/09/04 13:04:01 CET [2025/09/04 7:04:01 ET]
Table 'Arneb' 6-max Seat #1 is the button
Seat 1: canokiller (€2.16 in chips) 
Seat 2: David el Santos (€2 in chips) 
Seat 3: odace15 (€2 in chips) 
Seat 4: pipinoelbreve9 (€3.17 in chips) 
Seat 5: Zorgue1080 (€3.03 in chips) 
Seat 6: dav306 (€1.77 in chips) 
David el Santos: posts small blind €0.01
odace15: posts big blind €0.02
*** HOLE CARDS ***
Dealt to pipinoelbreve9 [7s 5s]
pipinoelbreve9: folds 
Zorgue1080: folds 
dav306: folds 
canokiller: raises €0.03 to €0.05
David el Santos: folds 
odace15: folds 
Uncalled bet (€0.03) returned to canokiller
canokiller collected €0.05 from pot
canokiller: doesn't show hand 
*** SUMMARY ***
Total pot €0.05 | Rake €0 
Seat 1: canokiller (button) collected (€0.05)
Seat 2: David el Santos (small blind) folded before Flop
Seat 3: odace15 (big blind) folded before Flop
Seat 4: pipinoelbreve9 folded before Flop (didn't bet)
Seat 5: Zorgue1080 folded before Flop (didn't bet)
Seat 6: dav306 folded before Flop (didn't bet)



PokerStars Zoom Hand #257607414544:  Hold'em No Limit (€0.01/€0.02) - 2025/09/04 13:04:28 CET [2025/09/04 7:04:28 ET]
Table 'Arneb' 6-max Seat #1 is the button
Seat 1: pipinoelbreve9 (€3.16 in chips) 
Seat 2: Bengball (€2.84 in chips) 
Seat 3: hernandS&G (€2 in chips) 
Seat 4: marcel13013 (€1.59 in chips) 
Seat 5: @RobarTevoy99 (€1.87 in chips) 
Seat 6: odace15 (€2 in chips) 
Bengball: posts small blind €0.01
hernandS&G: posts big blind €0.02
*** HOLE CARDS ***
Dealt to pipinoelbreve9 [Kc Ah]
marcel13013: folds 
@RobarTevoy99: folds 
odace15: folds 
pipinoelbreve9: raises €0.04 to €0.06
Bengball: folds 
hernandS&G: folds 
Uncalled bet (€0.04) returned to pipinoelbreve9
pipinoelbreve9 collected €0.05 from pot
pipinoelbreve9: doesn't show hand 
*** SUMMARY ***
Total pot €0.05 | Rake €0 
Seat 1: pipinoelbreve9 (button) collected (€0.05)
Seat 2: Bengball (small blind) folded before Flop
Seat 3: hernandS&G (big blind) folded before Flop
Seat 4: marcel13013 folded before Flop (didn't bet)
Seat 5: @RobarTevoy99 folded before Flop (didn't bet)
Seat 6: odace15 folded before Flop (didn't bet)



PokerStars Zoom Hand #257607412353:  Hold'em No Limit (€0.01/€0.02) - 2025/09/04 13:04:07 CET [2025/09/04 7:04:07 ET]
Table 'Arneb' 6-max Seat #1 is the button
Seat 1: SrLyrox (€6.13 in chips) 
Seat 2: pipinoelbreve9 (€3.17 in chips) 
Seat 3: AlonsoSf24 (€2.04 in chips) 
Seat 4: CondeVnCount (€2.05 in chips) 
Seat 5: Zorgue1080 (€1.09 in chips) 
Seat 6: chouchenne47400 (€2.03 in chips) 
pipinoelbreve9: posts small blind €0.01
AlonsoSf24: posts big blind €0.02
*** HOLE CARDS ***
Dealt to pipinoelbreve9 [Ad 6s]
CondeVnCount: folds 
Zorgue1080: folds 
chouchenne47400: calls €0.02
SrLyrox: raises €0.06 to €0.08
pipinoelbreve9: folds 
AlonsoSf24: calls €0.06
chouchenne47400: calls €0.06
*** FLOP *** [Qd Jh 3h]
AlonsoSf24: checks 
chouchenne47400: bets €0.02
SrLyrox: folds 
AlonsoSf24: calls €0.02
*** TURN *** [Qd Jh 3h] [Ts]
AlonsoSf24: checks 
chouchenne47400: bets €0.28
AlonsoSf24: folds 
Uncalled bet (€0.28) returned to chouchenne47400
chouchenne47400 collected €0.28 from pot
chouchenne47400: doesn't show hand 
*** SUMMARY ***
Total pot €0.29 | Rake €0.01 
Board [Qd Jh 3h Ts]
Seat 1: SrLyrox (button) folded on the Flop
Seat 2: pipinoelbreve9 (small blind) folded before Flop
Seat 3: AlonsoSf24 (big blind) folded on the Turn
Seat 4: CondeVnCount folded before Flop (didn't bet)
Seat 5: Zorgue1080 folded before Flop (didn't bet)
Seat 6: chouchenne47400 collected (€0.28)



PokerStars Zoom Hand #257607416760:  Hold'em No Limit (€0.01/€0.02) - 2025/09/04 13:04:49 CET [2025/09/04 7:04:49 ET]
Table 'Arneb' 6-max Seat #1 is the button
Seat 1: @RobarTevoy99 (€7.68 in chips) 
Seat 2: hernandS&G (€2 in chips) 
Seat 3: D Tasmania (€1.72 in chips) 
Seat 4: CondeVnCount (€2.02 in chips) 
Seat 5: capucine572 (€1.14 in chips) 
Seat 6: pipinoelbreve9 (€3.19 in chips) 
hernandS&G: posts small blind €0.01
D Tasmania: posts big blind €0.02
*** HOLE CARDS ***
Dealt to pipinoelbreve9 [4c 9d]
CondeVnCount: folds 
capucine572: calls €0.02
pipinoelbreve9: folds 
@RobarTevoy99: raises €0.04 to €0.06
hernandS&G: folds 
D Tasmania: folds 
capucine572: calls €0.04
*** FLOP *** [5h 2c 7d]
capucine572: checks 
@RobarTevoy99: checks 
*** TURN *** [5h 2c 7d] [7s]
capucine572: checks 
@RobarTevoy99: checks 
*** RIVER *** [5h 2c 7d 7s] [Jd]
capucine572: bets €0.18
@RobarTevoy99: calls €0.18
*** SHOW DOWN ***
capucine572: shows [As 7c] (three of a kind, Sevens)
@RobarTevoy99: mucks hand 
capucine572 collected €0.48 from pot
*** SUMMARY ***
Total pot €0.51 | Rake €0.03 
Board [5h 2c 7d 7s Jd]
Seat 1: @RobarTevoy99 (button) mucked [Js Qd]
Seat 2: hernandS&G (small blind) folded before Flop
Seat 3: D Tasmania (big blind) folded before Flop
Seat 4: CondeVnCount folded before Flop (didn't bet)
Seat 5: capucine572 showed [As 7c] and won (€0.48) with three of a kind, Sevens
Seat 6: pipinoelbreve9 folded before Flop (didn't bet)



PokerStars Zoom Hand #257607417388:  Hold'em No Limit (€0.01/€0.02) - 2025/09/04 13:04:55 CET [2025/09/04 7:04:55 ET]
Table 'Arneb' 6-max Seat #1 is the button
Seat 1: Jahlil@1980 (€2.35 in chips) 
Seat 2: MDKristian (€2.10 in chips) 
Seat 3: cruass (€1.96 in chips) 
Seat 4: QUIB76 (€1.78 in chips) 
Seat 5: pipinoelbreve9 (€3.19 in chips) 
Seat 6: txai56 (€1.57 in chips) 
MDKristian: posts small blind €0.01
cruass: posts big blind €0.02
*** HOLE CARDS ***
Dealt to pipinoelbreve9 [4c 5c]
QUIB76: calls €0.02
pipinoelbreve9: raises €0.08 to €0.10
txai56: folds 
Jahlil@1980: calls €0.10
MDKristian: folds 
cruass: folds 
QUIB76: calls €0.08
*** FLOP *** [9c 2d Ks]
QUIB76: checks 
pipinoelbreve9: bets €0.12
Jahlil@1980: calls €0.12
QUIB76: calls €0.12
*** TURN *** [9c 2d Ks] [Qh]
QUIB76: checks 
pipinoelbreve9: checks 
Jahlil@1980: checks 
*** RIVER *** [9c 2d Ks Qh] [Qs]
QUIB76: bets €0.02
pipinoelbreve9: folds 
Jahlil@1980: calls €0.02
*** SHOW DOWN ***
QUIB76: shows [Jd Ts] (a straight, Nine to King)
Jahlil@1980: mucks hand 
QUIB76 collected €0.69 from pot
*** SUMMARY ***
Total pot €0.73 | Rake €0.04 
Board [9c 2d Ks Qh Qs]
Seat 1: Jahlil@1980 (button) mucked [Ad 6s]
Seat 2: MDKristian (small blind) folded before Flop
Seat 3: cruass (big blind) folded before Flop
Seat 4: QUIB76 showed [Jd Ts] and won (€0.69) with a straight, Nine to King
Seat 5: pipinoelbreve9 folded on the River
Seat 6: txai56 folded before Flop (didn't bet)



PokerStars Zoom Hand #257607422236:  Hold'em No Limit (€0.01/€0.02) - 2025/09/04 13:05:41 CET [2025/09/04 7:05:41 ET]
Table 'Arneb' 6-max Seat #1 is the button
Seat 1: grenha1972 (€1.93 in chips) 
Seat 2: D Tasmania (€1.69 in chips) 
Seat 3: pokerikb (€2.20 in chips) 
Seat 4: MDKristian (€2.20 in chips) 
Seat 5: canokiller (€2.03 in chips) 
Seat 6: pipinoelbreve9 (€2.97 in chips) 
D Tasmania: posts small blind €0.01
pokerikb: posts big blind €0.02
*** HOLE CARDS ***
Dealt to pipinoelbreve9 [4h 6h]
MDKristian: folds 
canokiller: folds 
pipinoelbreve9: folds 
grenha1972: folds 
D Tasmania: folds 
Uncalled bet (€0.01) returned to pokerikb
pokerikb collected €0.02 from pot
pokerikb: doesn't show hand 
*** SUMMARY ***
Total pot €0.02 | Rake €0 
Seat 1: grenha1972 (button) folded before Flop (didn't bet)
Seat 2: D Tasmania (small blind) folded before Flop
Seat 3: pokerikb (big blind) collected (€0.02)
Seat 4: MDKristian folded before Flop (didn't bet)
Seat 5: canokiller folded before Flop (didn't bet)
Seat 6: pipinoelbreve9 folded before Flop (didn't bet)



PokerStars Zoom Hand #257607422639:  Hold'em No Limit (€0.01/€0.02) - 2025/09/04 13:05:45 CET [2025/09/04 7:05:45 ET]
Table 'Arneb' 6-max Seat #1 is the button
Seat 1: capucine572 (€1.38 in chips) 
Seat 2: canokiller (€2.03 in chips) 
Seat 3: pipinoelbreve9 (€2.97 in chips) 
Seat 4: ThePunisher73 (€1.19 in chips) 
Seat 5: txai56 (€1.59 in chips) 
Seat 6: Jahlil@1980 (€2.11 in chips) 
canokiller: posts small blind €0.01
pipinoelbreve9: posts big blind €0.02
*** HOLE CARDS ***
Dealt to pipinoelbreve9 [Th Ac]
ThePunisher73: folds 
txai56: raises €0.03 to €0.05
Jahlil@1980: calls €0.05
capucine572: calls €0.05
canokiller: calls €0.04
pipinoelbreve9: calls €0.03
*** FLOP *** [4h Ad 7h]
canokiller: checks 
pipinoelbreve9: checks 
txai56: bets €0.12
Jahlil@1980: calls €0.12
capucine572: folds 
canokiller: folds 
pipinoelbreve9: calls €0.12
*** TURN *** [4h Ad 7h] [Ks]
pipinoelbreve9: checks 
txai56: bets €0.23
Jahlil@1980: calls €0.23
pipinoelbreve9: folds 
*** RIVER *** [4h Ad 7h Ks] [5d]
txai56: bets €0.41
Jahlil@1980: folds 
Uncalled bet (€0.41) returned to txai56
txai56 collected €1.02 from pot
txai56: doesn't show hand 
*** SUMMARY ***
Total pot €1.07 | Rake €0.05 
Board [4h Ad 7h Ks 5d]
Seat 1: capucine572 (button) folded on the Flop
Seat 2: canokiller (small blind) folded on the Flop
Seat 3: pipinoelbreve9 (big blind) folded on the Turn
Seat 4: ThePunisher73 folded before Flop (didn't bet)
Seat 5: txai56 collected (€1.02)
Seat 6: Jahlil@1980 folded on the River



PokerStars Zoom Hand #257607428082:  Hold'em No Limit (€0.01/€0.02) - 2025/09/04 13:06:38 CET [2025/09/04 7:06:38 ET]
Table 'Arneb' 6-max Seat #1 is the button
Seat 1: 77samuel33 (€2.18 in chips) 
Seat 2: yaya7938 (€1.20 in chips) 
Seat 3: Zorgue1080 (€3.32 in chips) 
Seat 4: Bengball (€2.77 in chips) 
Seat 5: pipinoelbreve9 (€2.80 in chips) 
Seat 6: CondeVnCount (€2 in chips) 
yaya7938: posts small blind €0.01
Zorgue1080: posts big blind €0.02
*** HOLE CARDS ***
Dealt to pipinoelbreve9 [Js Kh]
Bengball: folds 
pipinoelbreve9: raises €0.04 to €0.06
CondeVnCount: folds 
77samuel33: folds 
yaya7938: raises €0.04 to €0.10
Zorgue1080: folds 
pipinoelbreve9: calls €0.04
*** FLOP *** [4h 2d 6c]
yaya7938: bets €0.12
pipinoelbreve9: calls €0.12
*** TURN *** [4h 2d 6c] [Ah]
yaya7938: bets €0.98 and is all-in
pipinoelbreve9: folds 
Uncalled bet (€0.98) returned to yaya7938
yaya7938 collected €0.44 from pot
yaya7938: doesn't show hand 
*** SUMMARY ***
Total pot €0.46 | Rake €0.02 
Board [4h 2d 6c Ah]
Seat 1: 77samuel33 (button) folded before Flop (didn't bet)
Seat 2: yaya7938 (small blind) collected (€0.44)
Seat 3: Zorgue1080 (big blind) folded before Flop
Seat 4: Bengball folded before Flop (didn't bet)
Seat 5: pipinoelbreve9 folded on the Turn
Seat 6: CondeVnCount folded before Flop (didn't bet)



PokerStars Zoom Hand #257607427268:  Hold'em No Limit (€0.01/€0.02) - 2025/09/04 13:06:30 CET [2025/09/04 7:06:30 ET]
Table 'Arneb' 6-max Seat #1 is the button
Seat 1: pipinoelbreve9 (€2.80 in chips) 
Seat 2: David el Santos (€0.61 in chips) 
Seat 3: D Tasmania (€1.69 in chips) 
Seat 4: @RobarTevoy99 (€7.75 in chips) 
Seat 5: ThePunisher73 (€1.45 in chips) 
Seat 6: Zorgue1080 (€4.62 in chips) 
David el Santos: posts small blind €0.01
D Tasmania: posts big blind €0.02
*** HOLE CARDS ***
Dealt to pipinoelbreve9 [6s 2h]
@RobarTevoy99: folds 
ThePunisher73: calls €0.02
Zorgue1080: folds 
pipinoelbreve9: folds 
David el Santos: raises €0.04 to €0.06
D Tasmania: folds 
ThePunisher73: calls €0.04
*** FLOP *** [6c 4c 5h]
David el Santos: checks 
ThePunisher73: checks 
*** TURN *** [6c 4c 5h] [7d]
David el Santos: checks 
ThePunisher73: checks 
*** RIVER *** [6c 4c 5h 7d] [Jd]
David el Santos: checks 
ThePunisher73: bets €0.07
David el Santos: folds 
Uncalled bet (€0.07) returned to ThePunisher73
ThePunisher73 collected €0.13 from pot
ThePunisher73: doesn't show hand 
*** SUMMARY ***
Total pot €0.14 | Rake €0.01 
Board [6c 4c 5h 7d Jd]
Seat 1: pipinoelbreve9 (button) folded before Flop (didn't bet)
Seat 2: David el Santos (small blind) folded on the River
Seat 3: D Tasmania (big blind) folded before Flop
Seat 4: @RobarTevoy99 folded before Flop (didn't bet)
Seat 5: ThePunisher73 collected (€0.13)
Seat 6: Zorgue1080 folded before Flop (didn't bet)



PokerStars Zoom Hand #257607430866:  Hold'em No Limit (€0.01/€0.02) - 2025/09/04 13:07:06 CET [2025/09/04 7:07:06 ET]
Table 'Arneb' 6-max Seat #1 is the button
Seat 1: marcel13013 (€1.44 in chips) 
Seat 2: pipinoelbreve9 (€2.58 in chips) 
Seat 3: MDKristian (€2.11 in chips) 
Seat 4: pokerikb (€2.37 in chips) 
Seat 5: mathangele (€1.57 in chips) 
Seat 6: thenry03 (€2.48 in chips) 
pipinoelbreve9: posts small blind €0.01
MDKristian: posts big blind €0.02
*** HOLE CARDS ***
Dealt to pipinoelbreve9 [9c 5c]
pokerikb: folds 
mathangele: folds 
thenry03: folds 
marcel13013: folds 
pipinoelbreve9: folds 
Uncalled bet (€0.01) returned to MDKristian
MDKristian collected €0.02 from pot
MDKristian: doesn't show hand 
*** SUMMARY ***
Total pot €0.02 | Rake €0 
Seat 1: marcel13013 (button) folded before Flop (didn't bet)
Seat 2: pipinoelbreve9 (small blind) folded before Flop
Seat 3: MDKristian (big blind) collected (€0.02)
Seat 4: pokerikb folded before Flop (didn't bet)
Seat 5: mathangele folded before Flop (didn't bet)
Seat 6: thenry03 folded before Flop (didn't bet)



PokerStars Zoom Hand #257607431369:  Hold'em No Limit (€0.01/€0.02) - 2025/09/04 13:07:11 CET [2025/09/04 7:07:11 ET]
Table 'Arneb' 6-max Seat #1 is the button
Seat 1: metamex (€1.88 in chips) 
Seat 2: 77samuel33 (€4.91 in chips) 
Seat 3: canokiller (€2.12 in chips) 
Seat 4: pipinoelbreve9 (€2.57 in chips) 
Seat 5: marcel13013 (€1.44 in chips) 
Seat 6: yaya7938 (€1.42 in chips) 
77samuel33: posts small blind €0.01
canokiller: posts big blind €0.02
*** HOLE CARDS ***
Dealt to pipinoelbreve9 [Jh 3h]
pipinoelbreve9: folds 
marcel13013: folds 
yaya7938: folds 
metamex: folds 
77samuel33: folds 
Uncalled bet (€0.01) returned to canokiller
canokiller collected €0.02 from pot
canokiller: doesn't show hand 
*** SUMMARY ***
Total pot €0.02 | Rake €0 
Seat 1: metamex (button) folded before Flop (didn't bet)
Seat 2: 77samuel33 (small blind) folded before Flop
Seat 3: canokiller (big blind) collected (€0.02)
Seat 4: pipinoelbreve9 folded before Flop (didn't bet)
Seat 5: marcel13013 folded before Flop (didn't bet)
Seat 6: yaya7938 folded before Flop (didn't bet)



PokerStars Zoom Hand #257607431804:  Hold'em No Limit (€0.01/€0.02) - 2025/09/04 13:07:15 CET [2025/09/04 7:07:15 ET]
Table 'Arneb' 6-max Seat #1 is the button
Seat 1: bufu92 (€2.04 in chips) 
Seat 2: Danipro178 (€2.78 in chips) 
Seat 3: yaya7938 (€1.42 in chips) 
Seat 4: odace15 (€2 in chips) 
Seat 5: pipinoelbreve9 (€2.57 in chips) 
Seat 6: @RobarTevoy99 (€7.75 in chips) 
Danipro178: posts small blind €0.01
yaya7938: posts big blind €0.02
*** HOLE CARDS ***
Dealt to pipinoelbreve9 [9d 9c]
odace15: folds 
pipinoelbreve9: raises €0.04 to €0.06
@RobarTevoy99: folds 
bufu92: raises €0.15 to €0.21
Danipro178: folds 
yaya7938: folds 
pipinoelbreve9: calls €0.15
*** FLOP *** [8d 5c 9h]
pipinoelbreve9: checks 
bufu92: bets €0.22
pipinoelbreve9: calls €0.22
*** TURN *** [8d 5c 9h] [Kc]
pipinoelbreve9: checks 
bufu92: bets €0.59
pipinoelbreve9: raises €1.55 to €2.14 and is all-in
bufu92: calls €1.02 and is all-in
Uncalled bet (€0.53) returned to pipinoelbreve9
*** RIVER *** [8d 5c 9h Kc] [5h]
*** SHOW DOWN ***
pipinoelbreve9: shows [9d 9c] (a full house, Nines full of Fives)
bufu92: shows [Ad Kh] (two pair, Kings and Fives)
pipinoelbreve9 collected €3.90 from pot
*** SUMMARY ***
Total pot €4.11 | Rake €0.21 
Board [8d 5c 9h Kc 5h]
Seat 1: bufu92 (button) showed [Ad Kh] and lost with two pair, Kings and Fives
Seat 2: Danipro178 (small blind) folded before Flop
Seat 3: yaya7938 (big blind) folded before Flop
Seat 4: odace15 folded before Flop (didn't bet)
Seat 5: pipinoelbreve9 showed [9d 9c] and won (€3.90) with a full house, Nines full of Fives
Seat 6: @RobarTevoy99 folded before Flop (didn't bet)



PokerStars Zoom Hand #257607437434:  Hold'em No Limit (€0.01/€0.02) - 2025/09/04 13:08:10 CET [2025/09/04 7:08:10 ET]
Table 'Arneb' 6-max Seat #1 is the button
Seat 1: Zorgue1080 (€3.50 in chips) 
Seat 2: @RobarTevoy99 (€1.10 in chips) 
Seat 3: pipinoelbreve9 (€4.43 in chips) 
Seat 4: morganlee66 (€2.42 in chips) 
Seat 5: belcebubu (€1.83 in chips) 
Seat 6: odace15 (€2 in chips) 
@RobarTevoy99: posts small blind €0.01
pipinoelbreve9: posts big blind €0.02
*** HOLE CARDS ***
Dealt to pipinoelbreve9 [5h 4d]
morganlee66: folds 
belcebubu: folds 
odace15: folds 
Zorgue1080: folds 
@RobarTevoy99: folds 
Uncalled bet (€0.01) returned to pipinoelbreve9
pipinoelbreve9 collected €0.02 from pot
pipinoelbreve9: doesn't show hand 
*** SUMMARY ***
Total pot €0.02 | Rake €0 
Seat 1: Zorgue1080 (button) folded before Flop (didn't bet)
Seat 2: @RobarTevoy99 (small blind) folded before Flop
Seat 3: pipinoelbreve9 (big blind) collected (€0.02)
Seat 4: morganlee66 folded before Flop (didn't bet)
Seat 5: belcebubu folded before Flop (didn't bet)
Seat 6: odace15 folded before Flop (didn't bet)



PokerStars Zoom Hand #257607438477:  Hold'em No Limit (€0.01/€0.02) - 2025/09/04 13:08:20 CET [2025/09/04 7:08:20 ET]
Table 'Arneb' 6-max Seat #1 is the button
Seat 1: TheKing2K888 (€1.33 in chips) 
Seat 2: Zorgue1080 (€3.50 in chips) 
Seat 3: lorocontento (€1 in chips) 
Seat 4: odace15 (€2 in chips) 
Seat 5: MDKristian (€2.45 in chips) 
Seat 6: pipinoelbreve9 (€4.44 in chips) 
Zorgue1080: posts small blind €0.01
lorocontento: posts big blind €0.02
*** HOLE CARDS ***
Dealt to pipinoelbreve9 [7d 2h]
odace15: folds 
MDKristian: folds 
pipinoelbreve9: folds 
TheKing2K888: raises €0.03 to €0.05
Zorgue1080: folds 
lorocontento: folds 
Uncalled bet (€0.03) returned to TheKing2K888
TheKing2K888 collected €0.05 from pot
TheKing2K888: doesn't show hand 
*** SUMMARY ***
Total pot €0.05 | Rake €0 
Seat 1: TheKing2K888 (button) collected (€0.05)
Seat 2: Zorgue1080 (small blind) folded before Flop
Seat 3: lorocontento (big blind) folded before Flop
Seat 4: odace15 folded before Flop (didn't bet)
Seat 5: MDKristian folded before Flop (didn't bet)
Seat 6: pipinoelbreve9 folded before Flop (didn't bet)



PokerStars Zoom Hand #257607439169:  Hold'em No Limit (€0.01/€0.02) - 2025/09/04 13:08:27 CET [2025/09/04 7:08:27 ET]
Table 'Arneb' 6-max Seat #1 is the button
Seat 1: MDKristian (€2.08 in chips) 
Seat 2: pipinoelbreve9 (€4.44 in chips) 
Seat 3: @RobarTevoy99 (€2.01 in chips) 
Seat 4: ThePunisher73 (€1.61 in chips) 
Seat 5: QUIB76 (€2 in chips) 
Seat 6: damastodas (€4.89 in chips) 
pipinoelbreve9: posts small blind €0.01
@RobarTevoy99: posts big blind €0.02
*** HOLE CARDS ***
Dealt to pipinoelbreve9 [9c Qd]
ThePunisher73: folds 
QUIB76: raises €0.02 to €0.04
damastodas: folds 
MDKristian: folds 
pipinoelbreve9: calls €0.03
@RobarTevoy99: calls €0.02
*** FLOP *** [Td 6s 3h]
pipinoelbreve9: checks 
@RobarTevoy99: checks 
QUIB76: checks 
*** TURN *** [Td 6s 3h] [5c]
pipinoelbreve9: checks 
@RobarTevoy99: checks 
QUIB76: checks 
*** RIVER *** [Td 6s 3h 5c] [2d]
pipinoelbreve9: checks 
@RobarTevoy99: checks 
QUIB76: checks 
*** SHOW DOWN ***
pipinoelbreve9: shows [9c Qd] (high card Queen)
@RobarTevoy99: shows [Js Ac] (high card Ace)
QUIB76: shows [Ah Qh] (high card Ace - Queen kicker)
QUIB76 collected €0.11 from pot
*** SUMMARY ***
Total pot €0.12 | Rake €0.01 
Board [Td 6s 3h 5c 2d]
Seat 1: MDKristian (button) folded before Flop (didn't bet)
Seat 2: pipinoelbreve9 (small blind) showed [9c Qd] and lost with high card Queen
Seat 3: @RobarTevoy99 (big blind) showed [Js Ac] and lost with high card Ace
Seat 4: ThePunisher73 folded before Flop (didn't bet)
Seat 5: QUIB76 showed [Ah Qh] and won (€0.11) with high card Ace
Seat 6: damastodas folded before Flop (didn't bet)



PokerStars Zoom Hand #257607442731:  Hold'em No Limit (€0.01/€0.02) - 2025/09/04 13:09:02 CET [2025/09/04 7:09:02 ET]
Table 'Arneb' 6-max Seat #1 is the button
Seat 1: pipinoelbreve9 (€4.40 in chips) 
Seat 2: QUIB76 (€2.07 in chips) 
Seat 3: MDKristian (€2.10 in chips) 
Seat 4: marcel13013 (€2.98 in chips) 
Seat 5: @RobarTevoy99 (€1.97 in chips) 
Seat 6: D Tasmania (€3.07 in chips) 
QUIB76: posts small blind €0.01
MDKristian: posts big blind €0.02
*** HOLE CARDS ***
Dealt to pipinoelbreve9 [7d 6c]
marcel13013: calls €0.02
@RobarTevoy99: folds 
D Tasmania: folds 
pipinoelbreve9: calls €0.02
QUIB76: folds 
MDKristian: checks 
*** FLOP *** [2c Tc 4d]
MDKristian: checks 
marcel13013: checks 
pipinoelbreve9: checks 
*** TURN *** [2c Tc 4d] [Jc]
MDKristian: checks 
marcel13013: checks 
pipinoelbreve9: checks 
*** RIVER *** [2c Tc 4d Jc] [Td]
MDKristian: checks 
marcel13013: checks 
pipinoelbreve9: checks 
*** SHOW DOWN ***
MDKristian: shows [2s 3s] (two pair, Tens and Deuces)
marcel13013: shows [5d 5h] (two pair, Tens and Fives)
pipinoelbreve9: mucks hand 
marcel13013 collected €0.07 from pot
*** SUMMARY ***
Total pot €0.07 | Rake €0 
Board [2c Tc 4d Jc Td]
Seat 1: pipinoelbreve9 (button) mucked [7d 6c]
Seat 2: QUIB76 (small blind) folded before Flop
Seat 3: MDKristian (big blind) showed [2s 3s] and lost with two pair, Tens and Deuces
Seat 4: marcel13013 showed [5d 5h] and won (€0.07) with two pair, Tens and Fives
Seat 5: @RobarTevoy99 folded before Flop (didn't bet)
Seat 6: D Tasmania folded before Flop (didn't bet)



PokerStars Zoom Hand #257607446786:  Hold'em No Limit (€0.01/€0.02) - 2025/09/04 13:09:41 CET [2025/09/04 7:09:41 ET]
Table 'Arneb' 6-max Seat #1 is the button
Seat 1: CondeVnCount (€2 in chips) 
Seat 2: marcel13013 (€3.03 in chips) 
Seat 3: MDKristian (€2.01 in chips) 
Seat 4: pipinoelbreve9 (€4.38 in chips) 
Seat 5: hope201319 (€1.67 in chips) 
Seat 6: txai56 (€1.94 in chips) 
marcel13013: posts small blind €0.01
MDKristian: posts big blind €0.02
*** HOLE CARDS ***
Dealt to pipinoelbreve9 [3d 7h]
pipinoelbreve9: folds 
hope201319: folds 
txai56: folds 
CondeVnCount: raises €0.04 to €0.06
marcel13013: folds 
MDKristian: folds 
Uncalled bet (€0.04) returned to CondeVnCount
CondeVnCount collected €0.05 from pot
CondeVnCount: doesn't show hand 
*** SUMMARY ***
Total pot €0.05 | Rake €0 
Seat 1: CondeVnCount (button) collected (€0.05)
Seat 2: marcel13013 (small blind) folded before Flop
Seat 3: MDKristian (big blind) folded before Flop
Seat 4: pipinoelbreve9 folded before Flop (didn't bet)
Seat 5: hope201319 folded before Flop (didn't bet)
Seat 6: txai56 folded before Flop (didn't bet)



PokerStars Zoom Hand #257607447359:  Hold'em No Limit (€0.01/€0.02) - 2025/09/04 13:09:47 CET [2025/09/04 7:09:47 ET]
Table 'Arneb' 6-max Seat #1 is the button
Seat 1: MDKristian (€2 in chips) 
Seat 2: Zorgue1080 (€2.72 in chips) 
Seat 3: David el Santos (€1.50 in chips) 
Seat 4: pipinoelbreve9 (€4.38 in chips) 
Seat 5: D Tasmania (€1.57 in chips) 
Seat 6: pokerikb (€2.26 in chips) 
Zorgue1080: posts small blind €0.01
David el Santos: posts big blind €0.02
*** HOLE CARDS ***
Dealt to pipinoelbreve9 [7d Jh]
pipinoelbreve9: folds 
D Tasmania: folds 
pokerikb: folds 
MDKristian: folds 
Zorgue1080: folds 
Uncalled bet (€0.01) returned to David el Santos
David el Santos collected €0.02 from pot
David el Santos: doesn't show hand 
*** SUMMARY ***
Total pot €0.02 | Rake €0 
Seat 1: MDKristian (button) folded before Flop (didn't bet)
Seat 2: Zorgue1080 (small blind) folded before Flop
Seat 3: David el Santos (big blind) collected (€0.02)
Seat 4: pipinoelbreve9 folded before Flop (didn't bet)
Seat 5: D Tasmania folded before Flop (didn't bet)
Seat 6: pokerikb folded before Flop (didn't bet)



