PokerStars Zoom Hand #257504820507:  Hold'em No Limit (€0.01/€0.02) - 2025/08/27 15:14:04 CET [2025/08/27 9:14:04 ET]
Table 'Arneb' 6-max Seat #1 is the button
Seat 1: SFT17 (€2 in chips) 
Seat 2: burgoa89 (€1.95 in chips) 
Seat 3: pipinoelbreve9 (€2 in chips) 
Seat 4: FAUCES (€1.59 in chips) 
Seat 5: 13theNinja (€6.75 in chips) 
Seat 6: currutaca69 (€2.84 in chips) 
burgoa89: posts small blind €0.01
pipinoelbreve9: posts big blind €0.02
*** HOLE CARDS ***
Dealt to pipinoelbreve9 [Qh 8h]
FAUCES: folds 
13theNinja: folds 
currutaca69: folds 
SFT17: raises €0.03 to €0.05
burgoa89: folds 
pipinoelbreve9: calls €0.03
*** FLOP *** [Td Ac 2s]
pipinoelbreve9: checks 
SFT17: bets €0.03
pipinoelbreve9: folds 
Uncalled bet (€0.03) returned to SFT17
SFT17 collected €0.10 from pot
SFT17: doesn't show hand 
*** SUMMARY ***
Total pot €0.11 | Rake €0.01 
Board [Td Ac 2s]
Seat 1: SFT17 (button) collected (€0.10)
Seat 2: burgoa89 (small blind) folded before Flop
Seat 3: pipinoelbreve9 (big blind) folded on the Flop
Seat 4: FAUCES folded before Flop (didn't bet)
Seat 5: 13theNinja folded before Flop (didn't bet)
Seat 6: currutaca69 folded before Flop (didn't bet)



PokerStars Zoom Hand #257504823958:  Hold'em No Limit (€0.01/€0.02) - 2025/08/27 15:14:29 CET [2025/08/27 9:14:29 ET]
Table 'Arneb' 6-max Seat #1 is the button
Seat 1: sg8d (€2 in chips) 
Seat 2: pipinoelbreve9 (€2 in chips) 
Seat 3: tiotios (€2 in chips) 
Seat 4: danielpinto00 (€2.94 in chips) 
Seat 5: burgoa89 (€1.94 in chips) 
Seat 6: FELIPE439 (€1.34 in chips) 
pipinoelbreve9: posts small blind €0.01
tiotios: posts big blind €0.02
*** HOLE CARDS ***
Dealt to pipinoelbreve9 [Jh 2d]
danielpinto00: folds 
burgoa89: raises €0.04 to €0.06
FELIPE439: folds 
sg8d: folds 
pipinoelbreve9: folds 
tiotios: folds 
Uncalled bet (€0.04) returned to burgoa89
burgoa89 collected €0.05 from pot
burgoa89: doesn't show hand 
*** SUMMARY ***
Total pot €0.05 | Rake €0 
Seat 1: sg8d (button) folded before Flop (didn't bet)
Seat 2: pipinoelbreve9 (small blind) folded before Flop
Seat 3: tiotios (big blind) folded before Flop
Seat 4: danielpinto00 folded before Flop (didn't bet)
Seat 5: burgoa89 collected (€0.05)
Seat 6: FELIPE439 folded before Flop (didn't bet)



PokerStars Zoom Hand #257504824801:  Hold'em No Limit (€0.01/€0.02) - 2025/08/27 15:14:36 CET [2025/08/27 9:14:36 ET]
Table 'Arneb' 6-max Seat #1 is the button
Seat 1: pipinoelbreve9 (€2 in chips) 
Seat 2: DavidSezulfe (€3.09 in chips) 
Seat 3: marcooliveira99 (€0.91 in chips) 
Seat 4: ledecrypteur (€2.78 in chips) 
Seat 5: tiotios (€2 in chips) 
Seat 6: danielpinto00 (€2 in chips) 
DavidSezulfe: posts small blind €0.01
marcooliveira99: posts big blind €0.02
*** HOLE CARDS ***
Dealt to pipinoelbreve9 [Qc 9s]
ledecrypteur: folds 
tiotios: folds 
danielpinto00: folds 
pipinoelbreve9: raises €0.04 to €0.06
DavidSezulfe: folds 
marcooliveira99: folds 
Uncalled bet (€0.04) returned to pipinoelbreve9
pipinoelbreve9 collected €0.05 from pot
pipinoelbreve9: doesn't show hand 
*** SUMMARY ***
Total pot €0.05 | Rake €0 
Seat 1: pipinoelbreve9 (button) collected (€0.05)
Seat 2: DavidSezulfe (small blind) folded before Flop
Seat 3: marcooliveira99 (big blind) folded before Flop
Seat 4: ledecrypteur folded before Flop (didn't bet)
Seat 5: tiotios folded before Flop (didn't bet)
Seat 6: danielpinto00 folded before Flop (didn't bet)



PokerStars Zoom Hand #257504827335:  Hold'em No Limit (€0.01/€0.02) - 2025/08/27 15:14:54 CET [2025/08/27 9:14:54 ET]
Table 'Arneb' 6-max Seat #1 is the button
Seat 1: LarryLurex72 (€1.55 in chips) 
Seat 2: Utusuchaz (€6.41 in chips) 
Seat 3: mcwilo (€0.65 in chips) 
Seat 4: SFT17 (€2.79 in chips) 
Seat 5: pipinoelbreve9 (€2.03 in chips) 
Seat 6: ecuinas (€2.13 in chips) 
Utusuchaz: posts small blind €0.01
mcwilo: posts big blind €0.02
*** HOLE CARDS ***
Dealt to pipinoelbreve9 [Qh 9c]
SFT17: folds 
pipinoelbreve9: folds 
ecuinas: raises €0.04 to €0.06
LarryLurex72: raises €0.04 to €0.10
Utusuchaz: folds 
mcwilo: folds 
ecuinas: calls €0.04
*** FLOP *** [As 3c 5d]
ecuinas: checks 
LarryLurex72: checks 
*** TURN *** [As 3c 5d] [3s]
ecuinas: bets €0.11
LarryLurex72: raises €0.15 to €0.26
ecuinas: folds 
Uncalled bet (€0.15) returned to LarryLurex72
LarryLurex72 collected €0.43 from pot
LarryLurex72: doesn't show hand 
*** SUMMARY ***
Total pot €0.45 | Rake €0.02 
Board [As 3c 5d 3s]
Seat 1: LarryLurex72 (button) collected (€0.43)
Seat 2: Utusuchaz (small blind) folded before Flop
Seat 3: mcwilo (big blind) folded before Flop
Seat 4: SFT17 folded before Flop (didn't bet)
Seat 5: pipinoelbreve9 folded before Flop (didn't bet)
Seat 6: ecuinas folded on the Turn



PokerStars Zoom Hand #257504828395:  Hold'em No Limit (€0.01/€0.02) - 2025/08/27 15:15:02 CET [2025/08/27 9:15:02 ET]
Table 'Arneb' 6-max Seat #1 is the button
Seat 1: tallesbertann (€4.51 in chips) 
Seat 2: SFT17 (€2 in chips) 
Seat 3: burgoa89 (€2.01 in chips) 
Seat 4: FELIPE439 (€2.70 in chips) 
Seat 5: Dude23323 (€1.96 in chips) 
Seat 6: pipinoelbreve9 (€2.03 in chips) 
SFT17: posts small blind €0.01
burgoa89: posts big blind €0.02
*** HOLE CARDS ***
Dealt to pipinoelbreve9 [7c Td]
FELIPE439: folds 
Dude23323: folds 
pipinoelbreve9: folds 
tallesbertann: raises €0.04 to €0.06
SFT17: folds 
burgoa89: calls €0.04
*** FLOP *** [6h 9d Jh]
burgoa89: checks 
tallesbertann: bets €0.08
burgoa89: folds 
Uncalled bet (€0.08) returned to tallesbertann
tallesbertann collected €0.12 from pot
tallesbertann: doesn't show hand 
*** SUMMARY ***
Total pot €0.13 | Rake €0.01 
Board [6h 9d Jh]
Seat 1: tallesbertann (button) collected (€0.12)
Seat 2: SFT17 (small blind) folded before Flop
Seat 3: burgoa89 (big blind) folded on the Flop
Seat 4: FELIPE439 folded before Flop (didn't bet)
Seat 5: Dude23323 folded before Flop (didn't bet)
Seat 6: pipinoelbreve9 folded before Flop (didn't bet)



PokerStars Zoom Hand #257504830907:  Hold'em No Limit (€0.01/€0.02) - 2025/08/27 15:15:21 CET [2025/08/27 9:15:21 ET]
Table 'Arneb' 6-max Seat #1 is the button
Seat 1: cris1966564 (€1.33 in chips) 
Seat 2: thenry03 (€1.90 in chips) 
Seat 3: pipinoelbreve9 (€2.02 in chips) 
Seat 4: manolo1953 (€0.62 in chips) 
Seat 5: tiotios (€4.02 in chips) 
Seat 6: SFT17 (€2.77 in chips) 
thenry03: posts small blind €0.01
pipinoelbreve9: posts big blind €0.02
*** HOLE CARDS ***
Dealt to pipinoelbreve9 [2d 8c]
manolo1953: folds 
tiotios: raises €0.04 to €0.06
SFT17: folds 
cris1966564: folds 
thenry03: folds 
pipinoelbreve9: folds 
Uncalled bet (€0.04) returned to tiotios
tiotios collected €0.05 from pot
tiotios: doesn't show hand 
*** SUMMARY ***
Total pot €0.05 | Rake €0 
Seat 1: cris1966564 (button) folded before Flop (didn't bet)
Seat 2: thenry03 (small blind) folded before Flop
Seat 3: pipinoelbreve9 (big blind) folded before Flop
Seat 4: manolo1953 folded before Flop (didn't bet)
Seat 5: tiotios collected (€0.05)
Seat 6: SFT17 folded before Flop (didn't bet)



PokerStars Zoom Hand #257504832067:  Hold'em No Limit (€0.01/€0.02) - 2025/08/27 15:15:29 CET [2025/08/27 9:15:29 ET]
Table 'Arneb' 6-max Seat #1 is the button
Seat 1: pipinoelbreve9 (€2 in chips) 
Seat 2: FELIPE439 (€2.57 in chips) 
Seat 3: 2tortosa (€2.11 in chips) 
Seat 4: Nekoligre (€2.12 in chips) 
Seat 5: 77samuel33 (€2.43 in chips) 
Seat 6: cris1966564 (€1.33 in chips) 
FELIPE439: posts small blind €0.01
2tortosa: posts big blind €0.02
*** HOLE CARDS ***
Dealt to pipinoelbreve9 [Qs 6c]
Nekoligre: folds 
77samuel33: folds 
cris1966564: folds 
pipinoelbreve9: raises €0.04 to €0.06
FELIPE439: folds 
2tortosa: folds 
Uncalled bet (€0.04) returned to pipinoelbreve9
pipinoelbreve9 collected €0.05 from pot
pipinoelbreve9: doesn't show hand 
*** SUMMARY ***
Total pot €0.05 | Rake €0 
Seat 1: pipinoelbreve9 (button) collected (€0.05)
Seat 2: FELIPE439 (small blind) folded before Flop
Seat 3: 2tortosa (big blind) folded before Flop
Seat 4: Nekoligre folded before Flop (didn't bet)
Seat 5: 77samuel33 folded before Flop (didn't bet)
Seat 6: cris1966564 folded before Flop (didn't bet)



PokerStars Zoom Hand #257504834926:  Hold'em No Limit (€0.01/€0.02) - 2025/08/27 15:15:50 CET [2025/08/27 9:15:50 ET]
Table 'Arneb' 6-max Seat #1 is the button
Seat 1: Nekoligre (€2.05 in chips) 
Seat 2: FELIPE439 (€2.68 in chips) 
Seat 3: LAROSA74 (€3.91 in chips) 
Seat 4: pipinoelbreve9 (€2.03 in chips) 
Seat 5: danielpinto00 (€2.83 in chips) 
Seat 6: sg8d (€2 in chips) 
FELIPE439: posts small blind €0.01
LAROSA74: posts big blind €0.02
*** HOLE CARDS ***
Dealt to pipinoelbreve9 [Kh Jh]
pipinoelbreve9: raises €0.04 to €0.06
danielpinto00: folds 
sg8d: folds 
Nekoligre: folds 
FELIPE439: folds 
LAROSA74: folds 
Uncalled bet (€0.04) returned to pipinoelbreve9
pipinoelbreve9 collected €0.05 from pot
pipinoelbreve9: doesn't show hand 
*** SUMMARY ***
Total pot €0.05 | Rake €0 
Seat 1: Nekoligre (button) folded before Flop (didn't bet)
Seat 2: FELIPE439 (small blind) folded before Flop
Seat 3: LAROSA74 (big blind) folded before Flop
Seat 4: pipinoelbreve9 collected (€0.05)
Seat 5: danielpinto00 folded before Flop (didn't bet)
Seat 6: sg8d folded before Flop (didn't bet)



PokerStars Zoom Hand #257504828883:  Hold'em No Limit (€0.01/€0.02) - 2025/08/27 15:15:06 CET [2025/08/27 9:15:06 ET]
Table 'Arneb' 6-max Seat #1 is the button
Seat 1: Iru132101 (€4.99 in chips) 
Seat 2: pipinoelbreve9 (€2.03 in chips) 
Seat 3: GamerVidal (€2.22 in chips) 
Seat 4: Dude23323 (€1.96 in chips) 
Seat 5: FAUCES (€1.97 in chips) 
Seat 6: Pispireta465 (€0.78 in chips) 
pipinoelbreve9: posts small blind €0.01
GamerVidal: posts big blind €0.02
*** HOLE CARDS ***
Dealt to pipinoelbreve9 [7d Tc]
Dude23323: folds 
FAUCES: folds 
Pispireta465: calls €0.02
Iru132101: raises €0.08 to €0.10
pipinoelbreve9: folds 
GamerVidal: folds 
Pispireta465: calls €0.08
*** FLOP *** [7h Kd 2d]
Pispireta465: checks 
Iru132101: bets €0.11
Pispireta465: calls €0.11
*** TURN *** [7h Kd 2d] [Ts]
Pispireta465: checks 
Iru132101: checks 
*** RIVER *** [7h Kd 2d Ts] [3s]
Pispireta465: checks 
Iru132101: checks 
*** SHOW DOWN ***
Pispireta465: shows [Qh Kc] (a pair of Kings)
Iru132101: mucks hand 
Pispireta465 collected €0.43 from pot
*** SUMMARY ***
Total pot €0.45 | Rake €0.02 
Board [7h Kd 2d Ts 3s]
Seat 1: Iru132101 (button) mucked [Qs Jh]
Seat 2: pipinoelbreve9 (small blind) folded before Flop
Seat 3: GamerVidal (big blind) folded before Flop
Seat 4: Dude23323 folded before Flop (didn't bet)
Seat 5: FAUCES folded before Flop (didn't bet)
Seat 6: Pispireta465 showed [Qh Kc] and won (€0.43) with a pair of Kings



PokerStars Zoom Hand #257504837084:  Hold'em No Limit (€0.01/€0.02) - 2025/08/27 15:16:06 CET [2025/08/27 9:16:06 ET]
Table 'Arneb' 6-max Seat #1 is the button
Seat 1: Utusuchaz (€2.37 in chips) 
Seat 2: mcwilo (€0.52 in chips) 
Seat 3: 77samuel33 (€2.32 in chips) 
Seat 4: SFT17 (€2 in chips) 
Seat 5: ma6as (€4.13 in chips) 
Seat 6: pipinoelbreve9 (€2.06 in chips) 
mcwilo: posts small blind €0.01
77samuel33: posts big blind €0.02
*** HOLE CARDS ***
Dealt to pipinoelbreve9 [8d 2c]
SFT17: folds 
ma6as: folds 
pipinoelbreve9: folds 
Utusuchaz: folds 
mcwilo: folds 
Uncalled bet (€0.01) returned to 77samuel33
77samuel33 collected €0.02 from pot
77samuel33: doesn't show hand 
*** SUMMARY ***
Total pot €0.02 | Rake €0 
Seat 1: Utusuchaz (button) folded before Flop (didn't bet)
Seat 2: mcwilo (small blind) folded before Flop
Seat 3: 77samuel33 (big blind) collected (€0.02)
Seat 4: SFT17 folded before Flop (didn't bet)
Seat 5: ma6as folded before Flop (didn't bet)
Seat 6: pipinoelbreve9 folded before Flop (didn't bet)



PokerStars Zoom Hand #257504838509:  Hold'em No Limit (€0.01/€0.02) - 2025/08/27 15:16:16 CET [2025/08/27 9:16:16 ET]
Table 'Arneb' 6-max Seat #1 is the button
Seat 1: tiotios (€2 in chips) 
Seat 2: FranciscoEvoraa (€2.08 in chips) 
Seat 3: pipinoelbreve9 (€2.06 in chips) 
Seat 4: Iru132101 (€4.78 in chips) 
Seat 5: SFT17 (€2.10 in chips) 
Seat 6: POUPIOU65 (€0.99 in chips) 
FranciscoEvoraa: posts small blind €0.01
pipinoelbreve9: posts big blind €0.02
*** HOLE CARDS ***
Dealt to pipinoelbreve9 [As 3s]
Iru132101: raises €0.08 to €0.10
SFT17: folds 
POUPIOU65: folds 
tiotios: folds 
FranciscoEvoraa: folds 
pipinoelbreve9: calls €0.08
*** FLOP *** [Qd 7c 2h]
pipinoelbreve9: checks 
Iru132101: bets €0.10
pipinoelbreve9: folds 
Uncalled bet (€0.10) returned to Iru132101
Iru132101 collected €0.20 from pot
Iru132101: doesn't show hand 
*** SUMMARY ***
Total pot €0.21 | Rake €0.01 
Board [Qd 7c 2h]
Seat 1: tiotios (button) folded before Flop (didn't bet)
Seat 2: FranciscoEvoraa (small blind) folded before Flop
Seat 3: pipinoelbreve9 (big blind) folded on the Flop
Seat 4: Iru132101 collected (€0.20)
Seat 5: SFT17 folded before Flop (didn't bet)
Seat 6: POUPIOU65 folded before Flop (didn't bet)



PokerStars Zoom Hand #257504837838:  Hold'em No Limit (€0.01/€0.02) - 2025/08/27 15:16:11 CET [2025/08/27 9:16:11 ET]
Table 'Arneb' 6-max Seat #1 is the button
Seat 1: ripvppt (€1.94 in chips) 
Seat 2: FELIPE439 (€3.93 in chips) 
Seat 3: mcwilo (€0.51 in chips) 
Seat 4: pipinoelbreve9 (€2.06 in chips) 
Seat 5: Pispireta465 (€1 in chips) 
Seat 6: SFT17 (€2.70 in chips) 
FELIPE439: posts small blind €0.01
mcwilo: posts big blind €0.02
*** HOLE CARDS ***
Dealt to pipinoelbreve9 [Td 3d]
pipinoelbreve9: folds 
Pispireta465: folds 
SFT17: raises €0.04 to €0.06
ripvppt: folds 
FELIPE439: calls €0.05
mcwilo: folds 
*** FLOP *** [7s As 7d]
FELIPE439: checks 
SFT17: checks 
*** TURN *** [7s As 7d] [9s]
FELIPE439: checks 
SFT17: bets €0.13
FELIPE439: folds 
Uncalled bet (€0.13) returned to SFT17
SFT17 collected €0.13 from pot
SFT17: doesn't show hand 
*** SUMMARY ***
Total pot €0.14 | Rake €0.01 
Board [7s As 7d 9s]
Seat 1: ripvppt (button) folded before Flop (didn't bet)
Seat 2: FELIPE439 (small blind) folded on the Turn
Seat 3: mcwilo (big blind) folded before Flop
Seat 4: pipinoelbreve9 folded before Flop (didn't bet)
Seat 5: Pispireta465 folded before Flop (didn't bet)
Seat 6: SFT17 collected (€0.13)



PokerStars Zoom Hand #257504842175:  Hold'em No Limit (€0.01/€0.02) - 2025/08/27 15:16:42 CET [2025/08/27 9:16:42 ET]
Table 'Arneb' 6-max Seat #1 is the button
Seat 1: tiotios (€5.10 in chips) 
Seat 2: pipinoelbreve9 (€2 in chips) 
Seat 3: manolo1953 (€0.69 in chips) 
Seat 4: Iru132101 (€4.88 in chips) 
Seat 5: Utusuchaz (€6.33 in chips) 
Seat 6: marcooliveira99 (€1.32 in chips) 
pipinoelbreve9: posts small blind €0.01
manolo1953: posts big blind €0.02
*** HOLE CARDS ***
Dealt to pipinoelbreve9 [6d 6c]
Iru132101: folds 
Utusuchaz: folds 
marcooliveira99: folds 
tiotios has timed out
tiotios: folds 
pipinoelbreve9: raises €0.04 to €0.06
manolo1953: folds 
Uncalled bet (€0.04) returned to pipinoelbreve9
pipinoelbreve9 collected €0.04 from pot
pipinoelbreve9: doesn't show hand 
*** SUMMARY ***
Total pot €0.04 | Rake €0 
Seat 1: tiotios (button) folded before Flop (didn't bet)
Seat 2: pipinoelbreve9 (small blind) collected (€0.04)
Seat 3: manolo1953 (big blind) folded before Flop
Seat 4: Iru132101 folded before Flop (didn't bet)
Seat 5: Utusuchaz folded before Flop (didn't bet)
Seat 6: marcooliveira99 folded before Flop (didn't bet)



