PokerStars Zoom Hand #257491095140:  Hold'em No Limit (€0.01/€0.02) - 2025/08/26 12:23:55 CET [2025/08/26 6:23:55 ET]
Table 'Arneb' 6-max Seat #1 is the button
Seat 1: pipinoelbreve9 (€2 in chips) 
Seat 2: chivi71 (€5.01 in chips) 
Seat 3: timaria74 (€2.05 in chips) 
Seat 4: orosa (€2.67 in chips) 
Seat 5: ecuinas (€4.10 in chips) 
Seat 6: combinius1 (€2.36 in chips) 
chivi71: posts small blind €0.01
timaria74: posts big blind €0.02
*** HOLE CARDS ***
Dealt to pipinoelbreve9 [5h Qs]
orosa: folds 
ecuinas: folds 
combinius1: folds 
pipinoelbreve9: raises €0.02 to €0.04
chivi71: folds 
timaria74: folds 
Uncalled bet (€0.02) returned to pipinoelbreve9
pipinoelbreve9 collected €0.05 from pot
pipinoelbreve9: doesn't show hand 
*** SUMMARY ***
Total pot €0.05 | Rake €0 
Seat 1: pipinoelbreve9 (button) collected (€0.05)
Seat 2: chivi71 (small blind) folded before Flop
Seat 3: timaria74 (big blind) folded before Flop
Seat 4: orosa folded before Flop (didn't bet)
Seat 5: ecuinas folded before Flop (didn't bet)
Seat 6: combinius1 folded before Flop (didn't bet)



PokerStars Zoom Hand #257491096572:  Hold'em No Limit (€0.01/€0.02) - 2025/08/26 12:24:10 CET [2025/08/26 6:24:10 ET]
Table 'Arneb' 6-max Seat #1 is the button
Seat 1: Grilo9 (€2.77 in chips) 
Seat 2: pipinoelbreve9 (€2.03 in chips) 
Seat 3: 77samuel33 (€4.02 in chips) 
Seat 4: HALKIM2001 (€3.67 in chips) 
Seat 5: burgoa89 (€2.09 in chips) 
Seat 6: coeurderoi10 (€0.44 in chips) 
pipinoelbreve9: posts small blind €0.01
77samuel33: posts big blind €0.02
*** HOLE CARDS ***
Dealt to pipinoelbreve9 [2h 6h]
HALKIM2001: folds 
burgoa89: raises €0.04 to €0.06
coeurderoi10: folds 
Grilo9: folds 
pipinoelbreve9: folds 
77samuel33: folds 
Uncalled bet (€0.04) returned to burgoa89
burgoa89 collected €0.05 from pot
burgoa89: doesn't show hand 
*** SUMMARY ***
Total pot €0.05 | Rake €0 
Seat 1: Grilo9 (button) folded before Flop (didn't bet)
Seat 2: pipinoelbreve9 (small blind) folded before Flop
Seat 3: 77samuel33 (big blind) folded before Flop
Seat 4: HALKIM2001 folded before Flop (didn't bet)
Seat 5: burgoa89 collected (€0.05)
Seat 6: coeurderoi10 folded before Flop (didn't bet)



PokerStars Zoom Hand #257491094110:  Hold'em No Limit (€0.01/€0.02) - 2025/08/26 12:23:44 CET [2025/08/26 6:23:44 ET]
Table 'Arneb' 6-max Seat #1 is the button
Seat 1: Ferchyman77 (€2 in chips) 
Seat 2: fernanrl7 (€0.48 in chips) 
Seat 3: pipinoelbreve9 (€2 in chips) 
Seat 4: Sudoki81 (€2.17 in chips) 
Seat 5: Grilo9 (€2.58 in chips) 
Seat 6: DavSnook (€1.20 in chips) 
fernanrl7: posts small blind €0.01
pipinoelbreve9: posts big blind €0.02
*** HOLE CARDS ***
Dealt to pipinoelbreve9 [6h 4d]
Sudoki81: folds 
Grilo9: folds 
DavSnook: folds 
Ferchyman77: raises €0.02 to €0.04
fernanrl7: calls €0.03
pipinoelbreve9: folds 
*** FLOP *** [8c Ah Td]
fernanrl7: checks 
Ferchyman77: bets €0.04
fernanrl7: calls €0.04
*** TURN *** [8c Ah Td] [Qs]
fernanrl7: checks 
Ferchyman77: bets €0.06
fernanrl7: folds 
Uncalled bet (€0.06) returned to Ferchyman77
Ferchyman77 collected €0.17 from pot
Ferchyman77: doesn't show hand 
*** SUMMARY ***
Total pot €0.18 | Rake €0.01 
Board [8c Ah Td Qs]
Seat 1: Ferchyman77 (button) collected (€0.17)
Seat 2: fernanrl7 (small blind) folded on the Turn
Seat 3: pipinoelbreve9 (big blind) folded before Flop
Seat 4: Sudoki81 folded before Flop (didn't bet)
Seat 5: Grilo9 folded before Flop (didn't bet)
Seat 6: DavSnook folded before Flop (didn't bet)



PokerStars Zoom Hand #257491099387:  Hold'em No Limit (€0.01/€0.02) - 2025/08/26 12:24:40 CET [2025/08/26 6:24:40 ET]
Table 'Arneb' 6-max Seat #1 is the button
Seat 1: damastodas (€2.03 in chips) 
Seat 2: Grilo9 (€2.52 in chips) 
Seat 3: pipinoelbreve9 (€2.02 in chips) 
Seat 4: Siddharta33 (€1 in chips) 
Seat 5: XxSuperLopezxX (€2.03 in chips) 
Seat 6: gelotes (€4.51 in chips) 
Grilo9: posts small blind €0.01
pipinoelbreve9: posts big blind €0.02
*** HOLE CARDS ***
Dealt to pipinoelbreve9 [Th 6s]
Siddharta33: raises €0.04 to €0.06
XxSuperLopezxX: folds 
gelotes: folds 
damastodas: folds 
Grilo9: folds 
pipinoelbreve9: folds 
Uncalled bet (€0.04) returned to Siddharta33
Siddharta33 collected €0.05 from pot
Siddharta33: doesn't show hand 
*** SUMMARY ***
Total pot €0.05 | Rake €0 
Seat 1: damastodas (button) folded before Flop (didn't bet)
Seat 2: Grilo9 (small blind) folded before Flop
Seat 3: pipinoelbreve9 (big blind) folded before Flop
Seat 4: Siddharta33 collected (€0.05)
Seat 5: XxSuperLopezxX folded before Flop (didn't bet)
Seat 6: gelotes folded before Flop (didn't bet)



PokerStars Zoom Hand #257491100549:  Hold'em No Limit (€0.01/€0.02) - 2025/08/26 12:24:53 CET [2025/08/26 6:24:53 ET]
Table 'Arneb' 6-max Seat #1 is the button
Seat 1: DavSnook (€2.29 in chips) 
Seat 2: BIRISNORTE23 (€2.07 in chips) 
Seat 3: Jamesrox00 (€1.95 in chips) 
Seat 4: Ferchyman77 (€1.97 in chips) 
Seat 5: pipinoelbreve9 (€2 in chips) 
Seat 6: Grilo9 (€2.67 in chips) 
BIRISNORTE23: posts small blind €0.01
Jamesrox00: posts big blind €0.02
*** HOLE CARDS ***
Dealt to pipinoelbreve9 [5h Qh]
Ferchyman77: folds 
pipinoelbreve9: folds 
Grilo9: folds 
DavSnook: folds 
BIRISNORTE23: folds 
Uncalled bet (€0.01) returned to Jamesrox00
Jamesrox00 collected €0.02 from pot
Jamesrox00: doesn't show hand 
*** SUMMARY ***
Total pot €0.02 | Rake €0 
Seat 1: DavSnook (button) folded before Flop (didn't bet)
Seat 2: BIRISNORTE23 (small blind) folded before Flop
Seat 3: Jamesrox00 (big blind) collected (€0.02)
Seat 4: Ferchyman77 folded before Flop (didn't bet)
Seat 5: pipinoelbreve9 folded before Flop (didn't bet)
Seat 6: Grilo9 folded before Flop (didn't bet)



PokerStars Zoom Hand #257491097074:  Hold'em No Limit (€0.01/€0.02) - 2025/08/26 12:24:15 CET [2025/08/26 6:24:15 ET]
Table 'Arneb' 6-max Seat #1 is the button
Seat 1: p@ddysunn (€3.75 in chips) 
Seat 2: Grilo9 (€2.77 in chips) 
Seat 3: Jl88500 (€1.70 in chips) 
Seat 4: sulodinho (€1.59 in chips) 
Seat 5: AceFireBzH (€2 in chips) 
Seat 6: pipinoelbreve9 (€2.02 in chips) 
Grilo9: posts small blind €0.01
Jl88500: posts big blind €0.02
*** HOLE CARDS ***
Dealt to pipinoelbreve9 [Kh 8c]
sulodinho: raises €0.08 to €0.10
AceFireBzH: folds 
pipinoelbreve9: folds 
p@ddysunn: folds 
Grilo9: calls €0.09
Jl88500: calls €0.08
*** FLOP *** [2s 7s 4d]
Grilo9: checks 
Jl88500: checks 
sulodinho: bets €0.28
Grilo9: folds 
Jl88500: calls €0.28
*** TURN *** [2s 7s 4d] [7h]
Jl88500: checks 
sulodinho: bets €0.16
Jl88500: calls €0.16
*** RIVER *** [2s 7s 4d 7h] [8s]
Jl88500: checks 
sulodinho: checks 
*** SHOW DOWN ***
Jl88500: shows [Kc 5h] (a pair of Sevens)
sulodinho: mucks hand 
Jl88500 collected €1.12 from pot
*** SUMMARY ***
Total pot €1.18 | Rake €0.06 
Board [2s 7s 4d 7h 8s]
Seat 1: p@ddysunn (button) folded before Flop (didn't bet)
Seat 2: Grilo9 (small blind) folded on the Flop
Seat 3: Jl88500 (big blind) showed [Kc 5h] and won (€1.12) with a pair of Sevens
Seat 4: sulodinho mucked [Qd 9h]
Seat 5: AceFireBzH folded before Flop (didn't bet)
Seat 6: pipinoelbreve9 folded before Flop (didn't bet)



PokerStars Zoom Hand #257491101810:  Hold'em No Limit (€0.01/€0.02) - 2025/08/26 12:25:06 CET [2025/08/26 6:25:06 ET]
Table 'Arneb' 6-max Seat #1 is the button
Seat 1: Grilo9 (€2 in chips) 
Seat 2: pipinoelbreve9 (€2 in chips) 
Seat 3: Siddharta33 (€1.04 in chips) 
Seat 4: coeurderoi10 (€0.88 in chips) 
Seat 5: p@ddysunn (€1.55 in chips) 
Seat 6: orosa (€2 in chips) 
pipinoelbreve9: posts small blind €0.01
Siddharta33: posts big blind €0.02
*** HOLE CARDS ***
Dealt to pipinoelbreve9 [Jc Kc]
coeurderoi10: folds 
p@ddysunn: folds 
orosa: folds 
Grilo9: folds 
pipinoelbreve9: raises €0.04 to €0.06
Siddharta33: folds 
Uncalled bet (€0.04) returned to pipinoelbreve9
pipinoelbreve9 collected €0.04 from pot
pipinoelbreve9: doesn't show hand 
*** SUMMARY ***
Total pot €0.04 | Rake €0 
Seat 1: Grilo9 (button) folded before Flop (didn't bet)
Seat 2: pipinoelbreve9 (small blind) collected (€0.04)
Seat 3: Siddharta33 (big blind) folded before Flop
Seat 4: coeurderoi10 folded before Flop (didn't bet)
Seat 5: p@ddysunn folded before Flop (didn't bet)
Seat 6: orosa folded before Flop (didn't bet)



PokerStars Zoom Hand #257491097963:  Hold'em No Limit (€0.01/€0.02) - 2025/08/26 12:24:25 CET [2025/08/26 6:24:25 ET]
Table 'Arneb' 6-max Seat #1 is the button
Seat 1: orosa (€2.67 in chips) 
Seat 2: Siddharta33 (€1.05 in chips) 
Seat 3: AceFireBzH (€3.65 in chips) 
Seat 4: pipinoelbreve9 (€2.02 in chips) 
Seat 5: burgoa89 (€1.84 in chips) 
Seat 6: alexpqx (€4.94 in chips) 
Siddharta33: posts small blind €0.01
AceFireBzH: posts big blind €0.02
*** HOLE CARDS ***
Dealt to pipinoelbreve9 [As 3h]
pipinoelbreve9: folds 
burgoa89: folds 
alexpqx: calls €0.02
orosa: folds 
Siddharta33: folds 
AceFireBzH: checks 
*** FLOP *** [9h Th 2s]
AceFireBzH: checks 
alexpqx: checks 
*** TURN *** [9h Th 2s] [2h]
AceFireBzH: checks 
alexpqx: bets €0.05
AceFireBzH: calls €0.05
*** RIVER *** [9h Th 2s 2h] [Kc]
AceFireBzH: checks 
alexpqx: checks 
*** SHOW DOWN ***
AceFireBzH: shows [4s 9d] (two pair, Nines and Deuces)
alexpqx: shows [Js Kh] (two pair, Kings and Deuces)
alexpqx collected €0.14 from pot
*** SUMMARY ***
Total pot €0.15 | Rake €0.01 
Board [9h Th 2s 2h Kc]
Seat 1: orosa (button) folded before Flop (didn't bet)
Seat 2: Siddharta33 (small blind) folded before Flop
Seat 3: AceFireBzH (big blind) showed [4s 9d] and lost with two pair, Nines and Deuces
Seat 4: pipinoelbreve9 folded before Flop (didn't bet)
Seat 5: burgoa89 folded before Flop (didn't bet)
Seat 6: alexpqx showed [Js Kh] and won (€0.14) with two pair, Kings and Deuces



PokerStars Zoom Hand #257491103227:  Hold'em No Limit (€0.01/€0.02) - 2025/08/26 12:25:21 CET [2025/08/26 6:25:21 ET]
Table 'Arneb' 6-max Seat #1 is the button
Seat 1: pipinoelbreve9 (€2.02 in chips) 
Seat 2: HALKIM2001 (€1.98 in chips) 
Seat 3: ElPilarAA (€2.94 in chips) 
Seat 4: juan@luis800 (€2.50 in chips) 
Seat 5: Siddharta33 (€1 in chips) 
Seat 6: damastodas (€6.14 in chips) 
HALKIM2001: posts small blind €0.01
ElPilarAA: posts big blind €0.02
*** HOLE CARDS ***
Dealt to pipinoelbreve9 [Ks 2h]
juan@luis800: folds 
Siddharta33: folds 
damastodas: folds 
pipinoelbreve9: folds 
HALKIM2001: folds 
Uncalled bet (€0.01) returned to ElPilarAA
ElPilarAA collected €0.02 from pot
ElPilarAA: doesn't show hand 
*** SUMMARY ***
Total pot €0.02 | Rake €0 
Seat 1: pipinoelbreve9 (button) folded before Flop (didn't bet)
Seat 2: HALKIM2001 (small blind) folded before Flop
Seat 3: ElPilarAA (big blind) collected (€0.02)
Seat 4: juan@luis800 folded before Flop (didn't bet)
Seat 5: Siddharta33 folded before Flop (didn't bet)
Seat 6: damastodas folded before Flop (didn't bet)



PokerStars Zoom Hand #257491098599:  Hold'em No Limit (€0.01/€0.02) - 2025/08/26 12:24:32 CET [2025/08/26 6:24:32 ET]
Table 'Arneb' 6-max Seat #1 is the button
Seat 1: Sudoki81 (€2.11 in chips) 
Seat 2: ReyGuto (€0.85 in chips) 
Seat 3: Ferchyman77 (€2.08 in chips) 
Seat 4: DavSnook (€3.69 in chips) 
Seat 5: BIRISNORTE23 (€2.09 in chips) 
Seat 6: pipinoelbreve9 (€2.02 in chips) 
ReyGuto: posts small blind €0.01
Ferchyman77: posts big blind €0.02
*** HOLE CARDS ***
Dealt to pipinoelbreve9 [7s 3c]
DavSnook: raises €0.05 to €0.07
BIRISNORTE23: folds 
pipinoelbreve9: folds 
Sudoki81: calls €0.07
ReyGuto: folds 
Ferchyman77: raises €0.23 to €0.30
DavSnook: calls €0.23
Sudoki81: folds 
*** FLOP *** [9s 4s Jd]
Ferchyman77: bets €0.21
DavSnook: calls €0.21
*** TURN *** [9s 4s Jd] [8s]
Ferchyman77: bets €0.78
DavSnook: raises €2.40 to €3.18 and is all-in
Ferchyman77: folds 
Uncalled bet (€2.40) returned to DavSnook
DavSnook collected €2.53 from pot
DavSnook: doesn't show hand 
*** SUMMARY ***
Total pot €2.66 | Rake €0.13 
Board [9s 4s Jd 8s]
Seat 1: Sudoki81 (button) folded before Flop
Seat 2: ReyGuto (small blind) folded before Flop
Seat 3: Ferchyman77 (big blind) folded on the Turn
Seat 4: DavSnook collected (€2.53)
Seat 5: BIRISNORTE23 folded before Flop (didn't bet)
Seat 6: pipinoelbreve9 folded before Flop (didn't bet)



PokerStars Zoom Hand #257491104896:  Hold'em No Limit (€0.01/€0.02) - 2025/08/26 12:25:38 CET [2025/08/26 6:25:38 ET]
Table 'Arneb' 6-max Seat #1 is the button
Seat 1: Marya1956 (€2 in chips) 
Seat 2: Grilo9 (€2 in chips) 
Seat 3: pipinoelbreve9 (€2.02 in chips) 
Seat 4: combinius1 (€2.41 in chips) 
Seat 5: DavSnook (€1.73 in chips) 
Seat 6: burgoa89 (€1.98 in chips) 
Grilo9: posts small blind €0.01
pipinoelbreve9: posts big blind €0.02
*** HOLE CARDS ***
Dealt to pipinoelbreve9 [2h Qs]
combinius1: folds 
DavSnook: raises €0.05 to €0.07
burgoa89: folds 
Marya1956: folds 
Grilo9: folds 
pipinoelbreve9: folds 
Uncalled bet (€0.05) returned to DavSnook
DavSnook collected €0.05 from pot
DavSnook: doesn't show hand 
*** SUMMARY ***
Total pot €0.05 | Rake €0 
Seat 1: Marya1956 (button) folded before Flop (didn't bet)
Seat 2: Grilo9 (small blind) folded before Flop
Seat 3: pipinoelbreve9 (big blind) folded before Flop
Seat 4: combinius1 folded before Flop (didn't bet)
Seat 5: DavSnook collected (€0.05)
Seat 6: burgoa89 folded before Flop (didn't bet)



PokerStars Zoom Hand #257491103776:  Hold'em No Limit (€0.01/€0.02) - 2025/08/26 12:25:26 CET [2025/08/26 6:25:26 ET]
Table 'Arneb' 6-max Seat #1 is the button
Seat 1: HALKIM2001 (€3.45 in chips) 
Seat 2: Ksunm (€1.45 in chips) 
Seat 3: Siddharta33 (€1 in chips) 
Seat 4: pipinoelbreve9 (€2.02 in chips) 
Seat 5: 77samuel33 (€4.01 in chips) 
Seat 6: AceFireBzH (€3.58 in chips) 
Ksunm: posts small blind €0.01
Siddharta33: posts big blind €0.02
*** HOLE CARDS ***
Dealt to pipinoelbreve9 [Kh 9c]
pipinoelbreve9: folds 
77samuel33: folds 
AceFireBzH: folds 
HALKIM2001: calls €0.02
Ksunm: folds 
Siddharta33: checks 
*** FLOP *** [Ts 3c 8s]
Siddharta33: checks 
HALKIM2001: checks 
*** TURN *** [Ts 3c 8s] [6h]
Siddharta33: checks 
HALKIM2001: checks 
*** RIVER *** [Ts 3c 8s 6h] [4c]
Siddharta33: checks 
HALKIM2001: checks 
*** SHOW DOWN ***
Siddharta33: shows [2c Qs] (high card Queen)
HALKIM2001: shows [5d Ad] (high card Ace)
HALKIM2001 collected €0.05 from pot
*** SUMMARY ***
Total pot €0.05 | Rake €0 
Board [Ts 3c 8s 6h 4c]
Seat 1: HALKIM2001 (button) showed [5d Ad] and won (€0.05) with high card Ace
Seat 2: Ksunm (small blind) folded before Flop
Seat 3: Siddharta33 (big blind) showed [2c Qs] and lost with high card Queen
Seat 4: pipinoelbreve9 folded before Flop (didn't bet)
Seat 5: 77samuel33 folded before Flop (didn't bet)
Seat 6: AceFireBzH folded before Flop (didn't bet)



PokerStars Zoom Hand #257491104404:  Hold'em No Limit (€0.01/€0.02) - 2025/08/26 12:25:33 CET [2025/08/26 6:25:33 ET]
Table 'Arneb' 6-max Seat #1 is the button
Seat 1: Ksunm (€1.68 in chips) 
Seat 2: Siddharta33 (€1.02 in chips) 
Seat 3: HALKIM2001 (€2.02 in chips) 
Seat 4: pipinoelbreve9 (€2.02 in chips) 
Seat 5: L'Onet33 (€2.98 in chips) 
Seat 6: combinius1 (€2.41 in chips) 
Siddharta33: posts small blind €0.01
HALKIM2001: posts big blind €0.02
*** HOLE CARDS ***
Dealt to pipinoelbreve9 [9d 8c]
pipinoelbreve9: folds 
L'Onet33: raises €0.02 to €0.04
combinius1: folds 
Ksunm: folds 
Siddharta33: folds 
HALKIM2001: calls €0.02
*** FLOP *** [8d Kd 2c]
HALKIM2001: checks 
L'Onet33: bets €0.05
HALKIM2001: folds 
Uncalled bet (€0.05) returned to L'Onet33
L'Onet33 collected €0.09 from pot
L'Onet33: doesn't show hand 
*** SUMMARY ***
Total pot €0.09 | Rake €0 
Board [8d Kd 2c]
Seat 1: Ksunm (button) folded before Flop (didn't bet)
Seat 2: Siddharta33 (small blind) folded before Flop
Seat 3: HALKIM2001 (big blind) folded on the Flop
Seat 4: pipinoelbreve9 folded before Flop (didn't bet)
Seat 5: L'Onet33 collected (€0.09)
Seat 6: combinius1 folded before Flop (didn't bet)



PokerStars Zoom Hand #257491106803:  Hold'em No Limit (€0.01/€0.02) - 2025/08/26 12:25:58 CET [2025/08/26 6:25:58 ET]
Table 'Arneb' 6-max Seat #1 is the button
Seat 1: pipinoelbreve9 (€2 in chips) 
Seat 2: Sudoki81 (€2.34 in chips) 
Seat 3: Grilo9 (€2.54 in chips) 
Seat 4: ranchim (€2.56 in chips) 
Seat 5: Marya1956 (€2 in chips) 
Seat 6: burgoa89 (€1.97 in chips) 
Sudoki81: posts small blind €0.01
Grilo9: posts big blind €0.02
*** HOLE CARDS ***
Dealt to pipinoelbreve9 [Tc Qd]
ranchim: folds 
Marya1956: folds 
burgoa89: folds 
pipinoelbreve9: raises €0.04 to €0.06
Sudoki81: folds 
Grilo9: folds 
Uncalled bet (€0.04) returned to pipinoelbreve9
pipinoelbreve9 collected €0.05 from pot
pipinoelbreve9: doesn't show hand 
*** SUMMARY ***
Total pot €0.05 | Rake €0 
Seat 1: pipinoelbreve9 (button) collected (€0.05)
Seat 2: Sudoki81 (small blind) folded before Flop
Seat 3: Grilo9 (big blind) folded before Flop
Seat 4: ranchim folded before Flop (didn't bet)
Seat 5: Marya1956 folded before Flop (didn't bet)
Seat 6: burgoa89 folded before Flop (didn't bet)



PokerStars Zoom Hand #257491106269:  Hold'em No Limit (€0.01/€0.02) - 2025/08/26 12:25:52 CET [2025/08/26 6:25:52 ET]
Table 'Arneb' 6-max Seat #1 is the button
Seat 1: alexpqx (€3.51 in chips) 
Seat 2: pipinoelbreve9 (€2 in chips) 
Seat 3: Jamesrox00 (€1.95 in chips) 
Seat 4: orosa (€2.10 in chips) 
Seat 5: Grilo9 (€2.61 in chips) 
Seat 6: Siddharta33 (€1.01 in chips) 
pipinoelbreve9: posts small blind €0.01
Jamesrox00: posts big blind €0.02
*** HOLE CARDS ***
Dealt to pipinoelbreve9 [7d 4d]
orosa: folds 
Grilo9: folds 
Siddharta33: folds 
alexpqx: calls €0.02
pipinoelbreve9: folds 
Jamesrox00: checks 
*** FLOP *** [6c Ks 9c]
Jamesrox00: checks 
alexpqx: checks 
*** TURN *** [6c Ks 9c] [6h]
Jamesrox00: checks 
alexpqx: bets €0.05
Jamesrox00: folds 
Uncalled bet (€0.05) returned to alexpqx
alexpqx collected €0.05 from pot
alexpqx: doesn't show hand 
*** SUMMARY ***
Total pot €0.05 | Rake €0 
Board [6c Ks 9c 6h]
Seat 1: alexpqx (button) collected (€0.05)
Seat 2: pipinoelbreve9 (small blind) folded before Flop
Seat 3: Jamesrox00 (big blind) folded on the Turn
Seat 4: orosa folded before Flop (didn't bet)
Seat 5: Grilo9 folded before Flop (didn't bet)
Seat 6: Siddharta33 folded before Flop (didn't bet)



PokerStars Zoom Hand #257491109069:  Hold'em No Limit (€0.01/€0.02) - 2025/08/26 12:26:22 CET [2025/08/26 6:26:22 ET]
Table 'Arneb' 6-max Seat #1 is the button
Seat 1: Sudoki81 (€2.33 in chips) 
Seat 2: burgoa89 (€1.95 in chips) 
Seat 3: alexpqx (€3.07 in chips) 
Seat 4: coeurderoi10 (€0.96 in chips) 
Seat 5: Marya1956 (€2.02 in chips) 
Seat 6: pipinoelbreve9 (€2.03 in chips) 
burgoa89: posts small blind €0.01
alexpqx: posts big blind €0.02
*** HOLE CARDS ***
Dealt to pipinoelbreve9 [Kh 2h]
coeurderoi10: folds 
Marya1956: folds 
pipinoelbreve9: folds 
Sudoki81: raises €0.04 to €0.06
burgoa89: folds 
alexpqx: folds 
Uncalled bet (€0.04) returned to Sudoki81
Sudoki81 collected €0.05 from pot
Sudoki81: doesn't show hand 
*** SUMMARY ***
Total pot €0.05 | Rake €0 
Seat 1: Sudoki81 (button) collected (€0.05)
Seat 2: burgoa89 (small blind) folded before Flop
Seat 3: alexpqx (big blind) folded before Flop
Seat 4: coeurderoi10 folded before Flop (didn't bet)
Seat 5: Marya1956 folded before Flop (didn't bet)
Seat 6: pipinoelbreve9 folded before Flop (didn't bet)



PokerStars Zoom Hand #257491110358:  Hold'em No Limit (€0.01/€0.02) - 2025/08/26 12:26:36 CET [2025/08/26 6:26:36 ET]
Table 'Arneb' 6-max Seat #1 is the button
Seat 1: sulodinho (€0.95 in chips) 
Seat 2: burgoa89 (€1.98 in chips) 
Seat 3: pipinoelbreve9 (€2.02 in chips) 
Seat 4: coeurderoi10 (€0.96 in chips) 
Seat 5: orosa (€2.06 in chips) 
Seat 6: HALKIM2001 (€3.72 in chips) 
burgoa89: posts small blind €0.01
pipinoelbreve9: posts big blind €0.02
*** HOLE CARDS ***
Dealt to pipinoelbreve9 [Qh 2d]
coeurderoi10: folds 
orosa: folds 
HALKIM2001: folds 
sulodinho: raises €0.02 to €0.04
burgoa89: folds 
pipinoelbreve9: folds 
Uncalled bet (€0.02) returned to sulodinho
sulodinho collected €0.05 from pot
sulodinho: doesn't show hand 
*** SUMMARY ***
Total pot €0.05 | Rake €0 
Seat 1: sulodinho (button) collected (€0.05)
Seat 2: burgoa89 (small blind) folded before Flop
Seat 3: pipinoelbreve9 (big blind) folded before Flop
Seat 4: coeurderoi10 folded before Flop (didn't bet)
Seat 5: orosa folded before Flop (didn't bet)
Seat 6: HALKIM2001 folded before Flop (didn't bet)



PokerStars Zoom Hand #257491111412:  Hold'em No Limit (€0.01/€0.02) - 2025/08/26 12:26:47 CET [2025/08/26 6:26:47 ET]
Table 'Arneb' 6-max Seat #1 is the button
Seat 1: Siddharta33 (€1 in chips) 
Seat 2: Grilo9 (€2.04 in chips) 
Seat 3: DavSnook (€1.36 in chips) 
Seat 4: burgoa89 (€1.98 in chips) 
Seat 5: Marya1956 (€2 in chips) 
Seat 6: pipinoelbreve9 (€2 in chips) 
Grilo9: posts small blind €0.01
DavSnook: posts big blind €0.02
*** HOLE CARDS ***
Dealt to pipinoelbreve9 [Qh 5s]
burgoa89: folds 
Marya1956: folds 
pipinoelbreve9: folds 
Siddharta33: raises €0.04 to €0.06
Grilo9: folds 
DavSnook: folds 
Uncalled bet (€0.04) returned to Siddharta33
Siddharta33 collected €0.05 from pot
Siddharta33: doesn't show hand 
*** SUMMARY ***
Total pot €0.05 | Rake €0 
Seat 1: Siddharta33 (button) collected (€0.05)
Seat 2: Grilo9 (small blind) folded before Flop
Seat 3: DavSnook (big blind) folded before Flop
Seat 4: burgoa89 folded before Flop (didn't bet)
Seat 5: Marya1956 folded before Flop (didn't bet)
Seat 6: pipinoelbreve9 folded before Flop (didn't bet)



PokerStars Zoom Hand #257491109708:  Hold'em No Limit (€0.01/€0.02) - 2025/08/26 12:26:29 CET [2025/08/26 6:26:29 ET]
Table 'Arneb' 6-max Seat #1 is the button
Seat 1: ranchim (€2.55 in chips) 
Seat 2: pipinoelbreve9 (€2.03 in chips) 
Seat 3: Sudoki81 (€2.07 in chips) 
Seat 4: HALKIM2001 (€2 in chips) 
Seat 5: MichaëLR7 (€2.07 in chips) 
Seat 6: Grilo9 (€2.58 in chips) 
pipinoelbreve9: posts small blind €0.01
Sudoki81: posts big blind €0.02
*** HOLE CARDS ***
Dealt to pipinoelbreve9 [6c Kd]
HALKIM2001: folds 
MichaëLR7: folds 
Grilo9: folds 
ranchim: raises €0.03 to €0.05
pipinoelbreve9: folds 
Sudoki81: calls €0.03
*** FLOP *** [3d Kh 7c]
Sudoki81: checks 
ranchim: checks 
*** TURN *** [3d Kh 7c] [5c]
Sudoki81: bets €0.05
ranchim: folds 
Uncalled bet (€0.05) returned to Sudoki81
Sudoki81 collected €0.10 from pot
Sudoki81: doesn't show hand 
*** SUMMARY ***
Total pot €0.11 | Rake €0.01 
Board [3d Kh 7c 5c]
Seat 1: ranchim (button) folded on the Turn
Seat 2: pipinoelbreve9 (small blind) folded before Flop
Seat 3: Sudoki81 (big blind) collected (€0.10)
Seat 4: HALKIM2001 folded before Flop (didn't bet)
Seat 5: MichaëLR7 folded before Flop (didn't bet)
Seat 6: Grilo9 folded before Flop (didn't bet)



PokerStars Zoom Hand #257491112302:  Hold'em No Limit (€0.01/€0.02) - 2025/08/26 12:26:57 CET [2025/08/26 6:26:57 ET]
Table 'Arneb' 6-max Seat #1 is the button
Seat 1: L'Onet33 (€3.03 in chips) 
Seat 2: Sudoki81 (€2.51 in chips) 
Seat 3: burgoa89 (€1.94 in chips) 
Seat 4: Jamesrox00 (€1.92 in chips) 
Seat 5: pipinoelbreve9 (€2 in chips) 
Seat 6: DavSnook (€2.61 in chips) 
Sudoki81: posts small blind €0.01
burgoa89: posts big blind €0.02
*** HOLE CARDS ***
Dealt to pipinoelbreve9 [9s Qs]
Jamesrox00: folds 
pipinoelbreve9: raises €0.04 to €0.06
DavSnook: folds 
L'Onet33: folds 
Sudoki81: folds 
burgoa89: folds 
Uncalled bet (€0.04) returned to pipinoelbreve9
pipinoelbreve9 collected €0.05 from pot
pipinoelbreve9: doesn't show hand 
*** SUMMARY ***
Total pot €0.05 | Rake €0 
Seat 1: L'Onet33 (button) folded before Flop (didn't bet)
Seat 2: Sudoki81 (small blind) folded before Flop
Seat 3: burgoa89 (big blind) folded before Flop
Seat 4: Jamesrox00 folded before Flop (didn't bet)
Seat 5: pipinoelbreve9 collected (€0.05)
Seat 6: DavSnook folded before Flop (didn't bet)



PokerStars Zoom Hand #257491108489:  Hold'em No Limit (€0.01/€0.02) - 2025/08/26 12:26:16 CET [2025/08/26 6:26:16 ET]
Table 'Arneb' 6-max Seat #1 is the button
Seat 1: Sudoki81 (€2.53 in chips) 
Seat 2: DarkSidious666 (€2.14 in chips) 
Seat 3: klip_trip (€10.23 in chips) 
Seat 4: Grilo9 (€2.03 in chips) 
Seat 5: pipinoelbreve9 (€2.03 in chips) 
Seat 6: Ferchyman77 (€1.97 in chips) 
DarkSidious666: posts small blind €0.01
klip_trip: posts big blind €0.02
*** HOLE CARDS ***
Dealt to pipinoelbreve9 [4s 4d]
Grilo9: folds 
pipinoelbreve9: folds 
Ferchyman77: folds 
Sudoki81: folds 
DarkSidious666: raises €0.02 to €0.04
klip_trip: calls €0.02
*** FLOP *** [3c 6d 3s]
DarkSidious666: checks 
klip_trip: bets €0.04
DarkSidious666: calls €0.04
*** TURN *** [3c 6d 3s] [4c]
DarkSidious666: checks 
klip_trip: bets €0.17
DarkSidious666: calls €0.17
*** RIVER *** [3c 6d 3s 4c] [9h]
DarkSidious666: checks 
klip_trip: checks 
*** SHOW DOWN ***
DarkSidious666: shows [3h 2c] (three of a kind, Threes)
klip_trip: mucks hand 
DarkSidious666 collected €0.48 from pot
*** SUMMARY ***
Total pot €0.50 | Rake €0.02 
Board [3c 6d 3s 4c 9h]
Seat 1: Sudoki81 (button) folded before Flop (didn't bet)
Seat 2: DarkSidious666 (small blind) showed [3h 2c] and won (€0.48) with three of a kind, Threes
Seat 3: klip_trip (big blind) mucked [6s 5h]
Seat 4: Grilo9 folded before Flop (didn't bet)
Seat 5: pipinoelbreve9 folded before Flop (didn't bet)
Seat 6: Ferchyman77 folded before Flop (didn't bet)



PokerStars Zoom Hand #257491113655:  Hold'em No Limit (€0.01/€0.02) - 2025/08/26 12:27:11 CET [2025/08/26 6:27:11 ET]
Table 'Arneb' 6-max Seat #1 is the button
Seat 1: alexpqx (€3.03 in chips) 
Seat 2: Roixo1 (€2.67 in chips) 
Seat 3: juanikobetis (€2 in chips) 
Seat 4: pipinoelbreve9 (€2.03 in chips) 
Seat 5: Sudoki81 (€2.12 in chips) 
Seat 6: ReyGuto (€3.27 in chips) 
Roixo1: posts small blind €0.01
juanikobetis: posts big blind €0.02
*** HOLE CARDS ***
Dealt to pipinoelbreve9 [Ks Kc]
pipinoelbreve9: raises €0.04 to €0.06
Sudoki81: folds 
ReyGuto: calls €0.06
alexpqx: folds 
Roixo1: folds 
juanikobetis: folds 
*** FLOP *** [8s 4h 4d]
pipinoelbreve9: checks 
ReyGuto: bets €0.07
pipinoelbreve9: calls €0.07
*** TURN *** [8s 4h 4d] [Jc]
pipinoelbreve9: checks 
ReyGuto: bets €0.16
pipinoelbreve9: calls €0.16
*** RIVER *** [8s 4h 4d Jc] [Kh]
pipinoelbreve9: checks 
ReyGuto: bets €0.40
pipinoelbreve9: raises €0.80 to €1.20
ReyGuto: folds 
Uncalled bet (€0.80) returned to pipinoelbreve9
pipinoelbreve9 collected €1.34 from pot
pipinoelbreve9: doesn't show hand 
*** SUMMARY ***
Total pot €1.41 | Rake €0.07 
Board [8s 4h 4d Jc Kh]
Seat 1: alexpqx (button) folded before Flop (didn't bet)
Seat 2: Roixo1 (small blind) folded before Flop
Seat 3: juanikobetis (big blind) folded before Flop
Seat 4: pipinoelbreve9 collected (€1.34)
Seat 5: Sudoki81 folded before Flop (didn't bet)
Seat 6: ReyGuto folded on the River



PokerStars Zoom Hand #257491119582:  Hold'em No Limit (€0.01/€0.02) - 2025/08/26 12:28:15 CET [2025/08/26 6:28:15 ET]
Table 'Arneb' 6-max Seat #1 is the button
Seat 1: pipinoelbreve9 (€2.68 in chips) 
Seat 2: Grilo9 (€2 in chips) 
Seat 3: ranchim (€2.47 in chips) 
Seat 4: 77samuel33 (€2 in chips) 
Seat 5: frtuber (€2 in chips) 
Seat 6: p@ddysunn (€5.10 in chips) 
Grilo9: posts small blind €0.01
ranchim: posts big blind €0.02
*** HOLE CARDS ***
Dealt to pipinoelbreve9 [2c Qh]
77samuel33: folds 
frtuber: folds 
p@ddysunn: folds 
pipinoelbreve9: folds 
Grilo9: folds 
Uncalled bet (€0.01) returned to ranchim
ranchim collected €0.02 from pot
ranchim: doesn't show hand 
*** SUMMARY ***
Total pot €0.02 | Rake €0 
Seat 1: pipinoelbreve9 (button) folded before Flop (didn't bet)
Seat 2: Grilo9 (small blind) folded before Flop
Seat 3: ranchim (big blind) collected (€0.02)
Seat 4: 77samuel33 folded before Flop (didn't bet)
Seat 5: frtuber folded before Flop (didn't bet)
Seat 6: p@ddysunn folded before Flop (didn't bet)



PokerStars Zoom Hand #257491120142:  Hold'em No Limit (€0.01/€0.02) - 2025/08/26 12:28:20 CET [2025/08/26 6:28:20 ET]
Table 'Arneb' 6-max Seat #1 is the button
Seat 1: Siddharta33 (€1 in chips) 
Seat 2: 77samuel33 (€2 in chips) 
Seat 3: psr47770102 (€1.35 in chips) 
Seat 4: Marci0411 (€2.58 in chips) 
Seat 5: pipinoelbreve9 (€2.68 in chips) 
Seat 6: frtuber (€2 in chips) 
77samuel33: posts small blind €0.01
psr47770102: posts big blind €0.02
*** HOLE CARDS ***
Dealt to pipinoelbreve9 [Qc 2c]
Marci0411: folds 
pipinoelbreve9: folds 
frtuber: raises €0.04 to €0.06
Siddharta33: folds 
77samuel33: folds 
psr47770102: folds 
Uncalled bet (€0.04) returned to frtuber
frtuber collected €0.05 from pot
frtuber: doesn't show hand 
*** SUMMARY ***
Total pot €0.05 | Rake €0 
Seat 1: Siddharta33 (button) folded before Flop (didn't bet)
Seat 2: 77samuel33 (small blind) folded before Flop
Seat 3: psr47770102 (big blind) folded before Flop
Seat 4: Marci0411 folded before Flop (didn't bet)
Seat 5: pipinoelbreve9 folded before Flop (didn't bet)
Seat 6: frtuber collected (€0.05)



PokerStars Zoom Hand #257491121662:  Hold'em No Limit (€0.01/€0.02) - 2025/08/26 12:28:37 CET [2025/08/26 6:28:37 ET]
Table 'Arneb' 6-max Seat #1 is the button
Seat 1: Ksunm (€1.14 in chips) 
Seat 2: ReyGuto (€2.56 in chips) 
Seat 3: pipinoelbreve9 (€2.68 in chips) 
Seat 4: ElPilarAA (€3.01 in chips) 
Seat 5: Sudoki81 (€2 in chips) 
Seat 6: DavSnook (€1.34 in chips) 
ReyGuto: posts small blind €0.01
pipinoelbreve9: posts big blind €0.02
*** HOLE CARDS ***
Dealt to pipinoelbreve9 [Qc 9d]
ElPilarAA: folds 
Sudoki81: folds 
DavSnook: folds 
Ksunm: raises €0.03 to €0.05
ReyGuto: folds 
pipinoelbreve9: calls €0.03
*** FLOP *** [Kc 2c Td]
pipinoelbreve9: checks 
Ksunm: bets €0.05
pipinoelbreve9: calls €0.05
*** TURN *** [Kc 2c Td] [2s]
pipinoelbreve9: checks 
Ksunm: bets €0.10
pipinoelbreve9: folds 
Uncalled bet (€0.10) returned to Ksunm
Ksunm collected €0.20 from pot
Ksunm: doesn't show hand 
*** SUMMARY ***
Total pot €0.21 | Rake €0.01 
Board [Kc 2c Td 2s]
Seat 1: Ksunm (button) collected (€0.20)
Seat 2: ReyGuto (small blind) folded before Flop
Seat 3: pipinoelbreve9 (big blind) folded on the Turn
Seat 4: ElPilarAA folded before Flop (didn't bet)
Seat 5: Sudoki81 folded before Flop (didn't bet)
Seat 6: DavSnook folded before Flop (didn't bet)



PokerStars Zoom Hand #257491124327:  Hold'em No Limit (€0.01/€0.02) - 2025/08/26 12:29:05 CET [2025/08/26 6:29:05 ET]
Table 'Arneb' 6-max Seat #1 is the button
Seat 1: frtuber (€2.01 in chips) 
Seat 2: pipinoelbreve9 (€2.58 in chips) 
Seat 3: Ksunm (€1.18 in chips) 
Seat 4: richdog2560 (€5.56 in chips) 
Seat 5: burgoa89 (€1.86 in chips) 
Seat 6: Grilo9 (€2 in chips) 
pipinoelbreve9: posts small blind €0.01
Ksunm: posts big blind €0.02
*** HOLE CARDS ***
Dealt to pipinoelbreve9 [Js 4h]
richdog2560: folds 
burgoa89: folds 
Grilo9: folds 
frtuber: folds 
pipinoelbreve9: folds 
Uncalled bet (€0.01) returned to Ksunm
Ksunm collected €0.02 from pot
Ksunm: doesn't show hand 
*** SUMMARY ***
Total pot €0.02 | Rake €0 
Seat 1: frtuber (button) folded before Flop (didn't bet)
Seat 2: pipinoelbreve9 (small blind) folded before Flop
Seat 3: Ksunm (big blind) collected (€0.02)
Seat 4: richdog2560 folded before Flop (didn't bet)
Seat 5: burgoa89 folded before Flop (didn't bet)
Seat 6: Grilo9 folded before Flop (didn't bet)



PokerStars Zoom Hand #257491120538:  Hold'em No Limit (€0.01/€0.02) - 2025/08/26 12:28:25 CET [2025/08/26 6:28:25 ET]
Table 'Arneb' 6-max Seat #1 is the button
Seat 1: DavSnook (€1.94 in chips) 
Seat 2: Grilo9 (€2.62 in chips) 
Seat 3: sofkon99 (€1.85 in chips) 
Seat 4: pipinoelbreve9 (€2.68 in chips) 
Seat 5: HALKIM2001 (€4.51 in chips) 
Seat 6: MadameCruella (€2.91 in chips) 
Grilo9: posts small blind €0.01
sofkon99: posts big blind €0.02
*** HOLE CARDS ***
Dealt to pipinoelbreve9 [9h 3d]
pipinoelbreve9: folds 
HALKIM2001: folds 
MadameCruella: raises €0.03 to €0.05
DavSnook: folds 
Grilo9: folds 
sofkon99: calls €0.03
*** FLOP *** [6c 8c Kc]
sofkon99: checks 
MadameCruella: bets €0.08
sofkon99 is disconnected 
sofkon99: folds 
Uncalled bet (€0.08) returned to MadameCruella
MadameCruella collected €0.10 from pot
MadameCruella: doesn't show hand 
*** SUMMARY ***
Total pot €0.11 | Rake €0.01 
Board [6c 8c Kc]
Seat 1: DavSnook (button) folded before Flop (didn't bet)
Seat 2: Grilo9 (small blind) folded before Flop
Seat 3: sofkon99 (big blind) folded on the Flop
Seat 4: pipinoelbreve9 folded before Flop (didn't bet)
Seat 5: HALKIM2001 folded before Flop (didn't bet)
Seat 6: MadameCruella collected (€0.10)



PokerStars Zoom Hand #257491120979:  Hold'em No Limit (€0.01/€0.02) - 2025/08/26 12:28:29 CET [2025/08/26 6:28:29 ET]
Table 'Arneb' 6-max Seat #1 is the button
Seat 1: alexpqx (€5.10 in chips) 
Seat 2: Siddharta33 (€1 in chips) 
Seat 3: burgoa89 (€1.90 in chips) 
Seat 4: pipinoelbreve9 (€2.68 in chips) 
Seat 5: frtuber (€2.03 in chips) 
Seat 6: Sudoki81 (€2.46 in chips) 
Siddharta33: posts small blind €0.01
burgoa89: posts big blind €0.02
*** HOLE CARDS ***
Dealt to pipinoelbreve9 [2h 8s]
pipinoelbreve9: folds 
frtuber: folds 
Sudoki81: folds 
alexpqx: folds 
Siddharta33: raises €0.04 to €0.06
burgoa89: calls €0.04
*** FLOP *** [9d 3d 5h]
Siddharta33: bets €0.04
burgoa89: calls €0.04
*** TURN *** [9d 3d 5h] [Td]
Siddharta33: bets €0.11
burgoa89: raises €0.11 to €0.22
Siddharta33: raises €0.68 to €0.90 and is all-in
burgoa89: folds 
Uncalled bet (€0.68) returned to Siddharta33
Siddharta33 collected €0.61 from pot
Siddharta33: doesn't show hand 
*** SUMMARY ***
Total pot €0.64 | Rake €0.03 
Board [9d 3d 5h Td]
Seat 1: alexpqx (button) folded before Flop (didn't bet)
Seat 2: Siddharta33 (small blind) collected (€0.61)
Seat 3: burgoa89 (big blind) folded on the Turn
Seat 4: pipinoelbreve9 folded before Flop (didn't bet)
Seat 5: frtuber folded before Flop (didn't bet)
Seat 6: Sudoki81 folded before Flop (didn't bet)



PokerStars Zoom Hand #257491124935:  Hold'em No Limit (€0.01/€0.02) - 2025/08/26 12:29:12 CET [2025/08/26 6:29:12 ET]
Table 'Arneb' 6-max Seat #1 is the button
Seat 1: pipinoelbreve9 (€2.57 in chips) 
Seat 2: Marya1956 (€2.57 in chips) 
Seat 3: dande62 (€2 in chips) 
Seat 4: HALKIM2001 (€2.21 in chips) 
Seat 5: MichaëLR7 (€0.32 in chips) 
Seat 6: ecuinas (€4.51 in chips) 
Marya1956: posts small blind €0.01
dande62: posts big blind €0.02
*** HOLE CARDS ***
Dealt to pipinoelbreve9 [8h 8d]
HALKIM2001: folds 
MichaëLR7: folds 
ecuinas has timed out
ecuinas: folds 
pipinoelbreve9: raises €0.04 to €0.06
Marya1956: folds 
dande62: calls €0.04
*** FLOP *** [7s Ac Qc]
dande62: checks 
pipinoelbreve9: bets €0.06
dande62: calls €0.06
*** TURN *** [7s Ac Qc] [3h]
dande62: bets €0.12
pipinoelbreve9: folds 
Uncalled bet (€0.12) returned to dande62
dande62 collected €0.24 from pot
dande62: doesn't show hand 
*** SUMMARY ***
Total pot €0.25 | Rake €0.01 
Board [7s Ac Qc 3h]
Seat 1: pipinoelbreve9 (button) folded on the Turn
Seat 2: Marya1956 (small blind) folded before Flop
Seat 3: dande62 (big blind) collected (€0.24)
Seat 4: HALKIM2001 folded before Flop (didn't bet)
Seat 5: MichaëLR7 folded before Flop (didn't bet)
Seat 6: ecuinas folded before Flop (didn't bet)



PokerStars Zoom Hand #257491132080:  Hold'em No Limit (€0.01/€0.02) - 2025/08/26 12:30:28 CET [2025/08/26 6:30:28 ET]
Table 'Arneb' 6-max Seat #1 is the button
Seat 1: Jamesrox00 (€2.84 in chips) 
Seat 2: Siddharta33 (€1.30 in chips) 
Seat 3: Marya1956 (€2.81 in chips) 
Seat 4: canokiller (€2 in chips) 
Seat 5: pipinoelbreve9 (€2.45 in chips) 
Seat 6: Grilo9 (€2.61 in chips) 
Siddharta33: posts small blind €0.01
Marya1956: posts big blind €0.02
*** HOLE CARDS ***
Dealt to pipinoelbreve9 [2h Th]
canokiller: folds 
pipinoelbreve9: folds 
Grilo9: folds 
Jamesrox00: folds 
Siddharta33: raises €0.04 to €0.06
Marya1956: folds 
Uncalled bet (€0.04) returned to Siddharta33
Siddharta33 collected €0.04 from pot
Siddharta33: doesn't show hand 
*** SUMMARY ***
Total pot €0.04 | Rake €0 
Seat 1: Jamesrox00 (button) folded before Flop (didn't bet)
Seat 2: Siddharta33 (small blind) collected (€0.04)
Seat 3: Marya1956 (big blind) folded before Flop
Seat 4: canokiller folded before Flop (didn't bet)
Seat 5: pipinoelbreve9 folded before Flop (didn't bet)
Seat 6: Grilo9 folded before Flop (didn't bet)



PokerStars Zoom Hand #257491132419:  Hold'em No Limit (€0.01/€0.02) - 2025/08/26 12:30:31 CET [2025/08/26 6:30:31 ET]
Table 'Arneb' 6-max Seat #1 is the button
Seat 1: HALKIM2001 (€2.14 in chips) 
Seat 2: Abrelatas787 (€2.01 in chips) 
Seat 3: pipinoelbreve9 (€2.45 in chips) 
Seat 4: Siddharta33 (€1 in chips) 
Seat 5: canokiller (€2 in chips) 
Seat 6: Jamesrox00 (€2.84 in chips) 
Abrelatas787: posts small blind €0.01
pipinoelbreve9: posts big blind €0.02
*** HOLE CARDS ***
Dealt to pipinoelbreve9 [5c Ks]
Siddharta33: folds 
canokiller: folds 
Jamesrox00: folds 
HALKIM2001: folds 
Abrelatas787: folds 
Uncalled bet (€0.01) returned to pipinoelbreve9
pipinoelbreve9 collected €0.02 from pot
pipinoelbreve9: doesn't show hand 
*** SUMMARY ***
Total pot €0.02 | Rake €0 
Seat 1: HALKIM2001 (button) folded before Flop (didn't bet)
Seat 2: Abrelatas787 (small blind) folded before Flop
Seat 3: pipinoelbreve9 (big blind) collected (€0.02)
Seat 4: Siddharta33 folded before Flop (didn't bet)
Seat 5: canokiller folded before Flop (didn't bet)
Seat 6: Jamesrox00 folded before Flop (didn't bet)



PokerStars Zoom Hand #257491131733:  Hold'em No Limit (€0.01/€0.02) - 2025/08/26 12:30:24 CET [2025/08/26 6:30:24 ET]
Table 'Arneb' 6-max Seat #1 is the button
Seat 1: DarkSidious666 (€2.40 in chips) 
Seat 2: sulodinho (€1.79 in chips) 
Seat 3: HALKIM2001 (€5.58 in chips) 
Seat 4: psr47770102 (€1.26 in chips) 
Seat 5: alexpqx (€3.33 in chips) 
Seat 6: pipinoelbreve9 (€2.45 in chips) 
sulodinho: posts small blind €0.01
HALKIM2001: posts big blind €0.02
*** HOLE CARDS ***
Dealt to pipinoelbreve9 [Qc 8d]
psr47770102: calls €0.02
alexpqx: calls €0.02
pipinoelbreve9: folds 
DarkSidious666: folds 
sulodinho: calls €0.01
HALKIM2001: checks 
*** FLOP *** [7d Ks 4s]
sulodinho: bets €0.04
HALKIM2001: folds 
psr47770102: folds 
alexpqx: folds 
Uncalled bet (€0.04) returned to sulodinho
sulodinho collected €0.08 from pot
sulodinho: doesn't show hand 
*** SUMMARY ***
Total pot €0.08 | Rake €0 
Board [7d Ks 4s]
Seat 1: DarkSidious666 (button) folded before Flop (didn't bet)
Seat 2: sulodinho (small blind) collected (€0.08)
Seat 3: HALKIM2001 (big blind) folded on the Flop
Seat 4: psr47770102 folded on the Flop
Seat 5: alexpqx folded on the Flop
Seat 6: pipinoelbreve9 folded before Flop (didn't bet)



PokerStars Zoom Hand #257491134497:  Hold'em No Limit (€0.01/€0.02) - 2025/08/26 12:30:52 CET [2025/08/26 6:30:52 ET]
Table 'Arneb' 6-max Seat #1 is the button
Seat 1: alexpqx (€3.31 in chips) 
Seat 2: XxSuperLopezxX (€2 in chips) 
Seat 3: Roixo1 (€2.53 in chips) 
Seat 4: pipinoelbreve9 (€2.46 in chips) 
Seat 5: frtuber (€2.01 in chips) 
Seat 6: ElPilarAA (€2.79 in chips) 
XxSuperLopezxX: posts small blind €0.01
Roixo1: posts big blind €0.02
*** HOLE CARDS ***
Dealt to pipinoelbreve9 [6s Td]
pipinoelbreve9: folds 
frtuber: folds 
ElPilarAA: folds 
alexpqx: folds 
XxSuperLopezxX: raises €0.04 to €0.06
Roixo1: folds 
Uncalled bet (€0.04) returned to XxSuperLopezxX
XxSuperLopezxX collected €0.04 from pot
XxSuperLopezxX: doesn't show hand 
*** SUMMARY ***
Total pot €0.04 | Rake €0 
Seat 1: alexpqx (button) folded before Flop (didn't bet)
Seat 2: XxSuperLopezxX (small blind) collected (€0.04)
Seat 3: Roixo1 (big blind) folded before Flop
Seat 4: pipinoelbreve9 folded before Flop (didn't bet)
Seat 5: frtuber folded before Flop (didn't bet)
Seat 6: ElPilarAA folded before Flop (didn't bet)



PokerStars Zoom Hand #257491134980:  Hold'em No Limit (€0.01/€0.02) - 2025/08/26 12:30:57 CET [2025/08/26 6:30:57 ET]
Table 'Arneb' 6-max Seat #1 is the button
Seat 1: Grilo9 (€2.59 in chips) 
Seat 2: pipinoelbreve9 (€2.46 in chips) 
Seat 3: Siddharta33 (€1 in chips) 
Seat 4: frtuber (€2.01 in chips) 
Seat 5: richdog2560 (€2.90 in chips) 
Seat 6: Ksunm (€1.12 in chips) 
pipinoelbreve9: posts small blind €0.01
Siddharta33: posts big blind €0.02
*** HOLE CARDS ***
Dealt to pipinoelbreve9 [As 8d]
frtuber: folds 
richdog2560: folds 
Ksunm: raises €0.03 to €0.05
Grilo9: folds 
pipinoelbreve9: calls €0.04
Siddharta33: folds 
*** FLOP *** [4d 8c 7d]
pipinoelbreve9: checks 
Ksunm: bets €0.05
pipinoelbreve9: calls €0.05
*** TURN *** [4d 8c 7d] [Tc]
pipinoelbreve9: bets €0.11
Ksunm: calls €0.11
*** RIVER *** [4d 8c 7d Tc] [Qh]
pipinoelbreve9: checks 
Ksunm: bets €0.42
pipinoelbreve9: folds 
Uncalled bet (€0.42) returned to Ksunm
Ksunm collected €0.42 from pot
Ksunm: doesn't show hand 
*** SUMMARY ***
Total pot €0.44 | Rake €0.02 
Board [4d 8c 7d Tc Qh]
Seat 1: Grilo9 (button) folded before Flop (didn't bet)
Seat 2: pipinoelbreve9 (small blind) folded on the River
Seat 3: Siddharta33 (big blind) folded before Flop
Seat 4: frtuber folded before Flop (didn't bet)
Seat 5: richdog2560 folded before Flop (didn't bet)
Seat 6: Ksunm collected (€0.42)



PokerStars Zoom Hand #257491140569:  Hold'em No Limit (€0.01/€0.02) - 2025/08/26 12:31:56 CET [2025/08/26 6:31:56 ET]
Table 'Arneb' 6-max Seat #1 is the button
Seat 1: Marya1956 (€2.78 in chips) 
Seat 2: sintemblar (€2.23 in chips) 
Seat 3: SrLyrox (€1.75 in chips) 
Seat 4: timaria74 (€0.45 in chips) 
Seat 5: p@ddysunn (€5.93 in chips) 
Seat 6: pipinoelbreve9 (€2.25 in chips) 
sintemblar: posts small blind €0.01
SrLyrox: posts big blind €0.02
*** HOLE CARDS ***
Dealt to pipinoelbreve9 [Jd 8h]
timaria74: folds 
p@ddysunn: folds 
pipinoelbreve9: folds 
Marya1956: folds 
sintemblar: folds 
Uncalled bet (€0.01) returned to SrLyrox
SrLyrox collected €0.02 from pot
SrLyrox: doesn't show hand 
*** SUMMARY ***
Total pot €0.02 | Rake €0 
Seat 1: Marya1956 (button) folded before Flop (didn't bet)
Seat 2: sintemblar (small blind) folded before Flop
Seat 3: SrLyrox (big blind) collected (€0.02)
Seat 4: timaria74 folded before Flop (didn't bet)
Seat 5: p@ddysunn folded before Flop (didn't bet)
Seat 6: pipinoelbreve9 folded before Flop (didn't bet)



PokerStars Zoom Hand #257491141490:  Hold'em No Limit (€0.01/€0.02) - 2025/08/26 12:32:05 CET [2025/08/26 6:32:05 ET]
Table 'Arneb' 6-max Seat #1 is the button
Seat 1: ReyGuto (€0.79 in chips) 
Seat 2: HALKIM2001 (€4.43 in chips) 
Seat 3: pipinoelbreve9 (€2.25 in chips) 
Seat 4: Grilo9 (€2 in chips) 
Seat 5: ranchim (€2.30 in chips) 
Seat 6: burgoa89 (€2.03 in chips) 
HALKIM2001: posts small blind €0.01
pipinoelbreve9: posts big blind €0.02
*** HOLE CARDS ***
Dealt to pipinoelbreve9 [Jd Qd]
Grilo9: folds 
ranchim: folds 
burgoa89: folds 
ReyGuto: folds 
HALKIM2001: folds 
Uncalled bet (€0.01) returned to pipinoelbreve9
pipinoelbreve9 collected €0.02 from pot
pipinoelbreve9: doesn't show hand 
*** SUMMARY ***
Total pot €0.02 | Rake €0 
Seat 1: ReyGuto (button) folded before Flop (didn't bet)
Seat 2: HALKIM2001 (small blind) folded before Flop
Seat 3: pipinoelbreve9 (big blind) collected (€0.02)
Seat 4: Grilo9 folded before Flop (didn't bet)
Seat 5: ranchim folded before Flop (didn't bet)
Seat 6: burgoa89 folded before Flop (didn't bet)



PokerStars Zoom Hand #257491139958:  Hold'em No Limit (€0.01/€0.02) - 2025/08/26 12:31:50 CET [2025/08/26 6:31:50 ET]
Table 'Arneb' 6-max Seat #1 is the button
Seat 1: pipinoelbreve9 (€2.25 in chips) 
Seat 2: canokiller (€2.37 in chips) 
Seat 3: teintimido_? (€2.09 in chips) 
Seat 4: Siddharta33 (€1.29 in chips) 
Seat 5: Ksunm (€1.33 in chips) 
Seat 6: ElPilarAA (€2.81 in chips) 
canokiller: posts small blind €0.01
teintimido_?: posts big blind €0.02
*** HOLE CARDS ***
Dealt to pipinoelbreve9 [Kh 2c]
Siddharta33: folds 
Ksunm: folds 
ElPilarAA: raises €0.03 to €0.05
pipinoelbreve9: folds 
canokiller: folds 
teintimido_?: calls €0.03
*** FLOP *** [Th Kd 2h]
teintimido_?: checks 
ElPilarAA: checks 
*** TURN *** [Th Kd 2h] [As]
teintimido_?: checks 
ElPilarAA: checks 
*** RIVER *** [Th Kd 2h As] [9c]
teintimido_?: checks 
ElPilarAA: checks 
*** SHOW DOWN ***
teintimido_?: shows [6d 6s] (a pair of Sixes)
ElPilarAA: shows [Qh Qd] (a pair of Queens)
ElPilarAA collected €0.10 from pot
*** SUMMARY ***
Total pot €0.11 | Rake €0.01 
Board [Th Kd 2h As 9c]
Seat 1: pipinoelbreve9 (button) folded before Flop (didn't bet)
Seat 2: canokiller (small blind) folded before Flop
Seat 3: teintimido_? (big blind) showed [6d 6s] and lost with a pair of Sixes
Seat 4: Siddharta33 folded before Flop (didn't bet)
Seat 5: Ksunm folded before Flop (didn't bet)
Seat 6: ElPilarAA showed [Qh Qd] and won (€0.10) with a pair of Queens



PokerStars Zoom Hand #257491141156:  Hold'em No Limit (€0.01/€0.02) - 2025/08/26 12:32:02 CET [2025/08/26 6:32:02 ET]
Table 'Arneb' 6-max Seat #1 is the button
Seat 1: timaria74 (€0.45 in chips) 
Seat 2: p@ddysunn (€2.86 in chips) 
Seat 3: simeonecdp89 (€2 in chips) 
Seat 4: Marya1956 (€2.69 in chips) 
Seat 5: pipinoelbreve9 (€2.25 in chips) 
Seat 6: frtuber (€2 in chips) 
p@ddysunn: posts small blind €0.01
simeonecdp89: posts big blind €0.02
*** HOLE CARDS ***
Dealt to pipinoelbreve9 [2d 9d]
Marya1956: folds 
pipinoelbreve9: folds 
frtuber: folds 
timaria74: raises €0.02 to €0.04
p@ddysunn: raises €0.12 to €0.16
simeonecdp89: folds 
timaria74: calls €0.12
*** FLOP *** [Kc 4c Qs]
p@ddysunn: bets €0.12
timaria74: calls €0.12
*** TURN *** [Kc 4c Qs] [Jh]
p@ddysunn: bets €0.30
timaria74: calls €0.17 and is all-in
Uncalled bet (€0.13) returned to p@ddysunn
*** RIVER *** [Kc 4c Qs Jh] [8h]
*** SHOW DOWN ***
p@ddysunn: shows [Th Ah] (a straight, Ten to Ace)
timaria74: shows [6s As] (high card Ace)
p@ddysunn collected €0.87 from pot
*** SUMMARY ***
Total pot €0.92 | Rake €0.05 
Board [Kc 4c Qs Jh 8h]
Seat 1: timaria74 (button) showed [6s As] and lost with high card Ace
Seat 2: p@ddysunn (small blind) showed [Th Ah] and won (€0.87) with a straight, Ten to Ace
Seat 3: simeonecdp89 (big blind) folded before Flop
Seat 4: Marya1956 folded before Flop (didn't bet)
Seat 5: pipinoelbreve9 folded before Flop (didn't bet)
Seat 6: frtuber folded before Flop (didn't bet)



PokerStars Zoom Hand #257491142588:  Hold'em No Limit (€0.01/€0.02) - 2025/08/26 12:32:17 CET [2025/08/26 6:32:17 ET]
Table 'Arneb' 6-max Seat #1 is the button
Seat 1: canokiller (€2.34 in chips) 
Seat 2: burgoa89 (€2.03 in chips) 
Seat 3: Sudoki81 (€2.51 in chips) 
Seat 4: ecuinas (€4.06 in chips) 
Seat 5: alexpqx (€1.98 in chips) 
Seat 6: pipinoelbreve9 (€2.26 in chips) 
burgoa89: posts small blind €0.01
Sudoki81: posts big blind €0.02
*** HOLE CARDS ***
Dealt to pipinoelbreve9 [9h 2s]
ecuinas: folds 
alexpqx: calls €0.02
pipinoelbreve9: folds 
canokiller: folds 
burgoa89: folds 
Sudoki81: raises €0.05 to €0.07
alexpqx: calls €0.05
*** FLOP *** [Ad 6s 9d]
Sudoki81: bets €0.07
alexpqx: folds 
Uncalled bet (€0.07) returned to Sudoki81
Sudoki81 collected €0.14 from pot
Sudoki81: doesn't show hand 
*** SUMMARY ***
Total pot €0.15 | Rake €0.01 
Board [Ad 6s 9d]
Seat 1: canokiller (button) folded before Flop (didn't bet)
Seat 2: burgoa89 (small blind) folded before Flop
Seat 3: Sudoki81 (big blind) collected (€0.14)
Seat 4: ecuinas folded before Flop (didn't bet)
Seat 5: alexpqx folded on the Flop
Seat 6: pipinoelbreve9 folded before Flop (didn't bet)



PokerStars Zoom Hand #257491143097:  Hold'em No Limit (€0.01/€0.02) - 2025/08/26 12:32:22 CET [2025/08/26 6:32:22 ET]
Table 'Arneb' 6-max Seat #1 is the button
Seat 1: pipinoelbreve9 (€2.26 in chips) 
Seat 2: burgoa89 (€2.13 in chips) 
Seat 3: Roixo1 (€2.38 in chips) 
Seat 4: Jl88500 (€2.01 in chips) 
Seat 5: frtuber (€2 in chips) 
Seat 6: psr47770102 (€2.45 in chips) 
burgoa89: posts small blind €0.01
Roixo1: posts big blind €0.02
*** HOLE CARDS ***
Dealt to pipinoelbreve9 [Ks 2d]
Jl88500: calls €0.02
frtuber: raises €0.07 to €0.09
psr47770102: folds 
pipinoelbreve9: folds 
burgoa89: folds 
Roixo1: folds 
Jl88500: calls €0.07
*** FLOP *** [8d 9h 5d]
Jl88500: bets €0.02
frtuber: calls €0.02
*** TURN *** [8d 9h 5d] [6s]
Jl88500: bets €0.02
frtuber: calls €0.02
*** RIVER *** [8d 9h 5d 6s] [3h]
Jl88500: bets €0.02
frtuber: calls €0.02
*** SHOW DOWN ***
Jl88500: shows [Jd 8c] (a pair of Eights)
frtuber: mucks hand 
Jl88500 collected €0.31 from pot
*** SUMMARY ***
Total pot €0.33 | Rake €0.02 
Board [8d 9h 5d 6s 3h]
Seat 1: pipinoelbreve9 (button) folded before Flop (didn't bet)
Seat 2: burgoa89 (small blind) folded before Flop
Seat 3: Roixo1 (big blind) folded before Flop
Seat 4: Jl88500 showed [Jd 8c] and won (€0.31) with a pair of Eights
Seat 5: frtuber mucked [Ad Td]
Seat 6: psr47770102 folded before Flop (didn't bet)



PokerStars Zoom Hand #257491143644:  Hold'em No Limit (€0.01/€0.02) - 2025/08/26 12:32:28 CET [2025/08/26 6:32:28 ET]
Table 'Arneb' 6-max Seat #1 is the button
Seat 1: Grilo9 (€2.77 in chips) 
Seat 2: pipinoelbreve9 (€2.26 in chips) 
Seat 3: pfonseca2018- (€1 in chips) 
Seat 4: timaria74 (€2.64 in chips) 
Seat 5: sintemblar (€2 in chips) 
Seat 6: Sudoki81 (€2.41 in chips) 
pipinoelbreve9: posts small blind €0.01
pfonseca2018-: posts big blind €0.02
*** HOLE CARDS ***
Dealt to pipinoelbreve9 [Ts 6s]
timaria74: folds 
sintemblar: raises €0.04 to €0.06
Sudoki81: folds 
Grilo9: folds 
pipinoelbreve9: calls €0.05
pfonseca2018-: folds 
*** FLOP *** [5s Ah 6c]
pipinoelbreve9: checks 
sintemblar: bets €0.04
pipinoelbreve9: calls €0.04
*** TURN *** [5s Ah 6c] [Qs]
pipinoelbreve9: checks 
sintemblar: checks 
*** RIVER *** [5s Ah 6c Qs] [5c]
pipinoelbreve9: checks 
sintemblar: bets €0.16
pipinoelbreve9: folds 
Uncalled bet (€0.16) returned to sintemblar
sintemblar collected €0.21 from pot
sintemblar: doesn't show hand 
*** SUMMARY ***
Total pot €0.22 | Rake €0.01 
Board [5s Ah 6c Qs 5c]
Seat 1: Grilo9 (button) folded before Flop (didn't bet)
Seat 2: pipinoelbreve9 (small blind) folded on the River
Seat 3: pfonseca2018- (big blind) folded before Flop
Seat 4: timaria74 folded before Flop (didn't bet)
Seat 5: sintemblar collected (€0.21)
Seat 6: Sudoki81 folded before Flop (didn't bet)



PokerStars Zoom Hand #257491148631:  Hold'em No Limit (€0.01/€0.02) - 2025/08/26 12:33:20 CET [2025/08/26 6:33:20 ET]
Table 'Arneb' 6-max Seat #1 is the button
Seat 1: ReyGuto (€1.96 in chips) 
Seat 2: Grilo9 (€2 in chips) 
Seat 3: dande62 (€2.23 in chips) 
Seat 4: XxSuperLopezxX (€2.66 in chips) 
Seat 5: pipinoelbreve9 (€2.16 in chips) 
Seat 6: Siddharta33 (€1.12 in chips) 
Grilo9: posts small blind €0.01
dande62: posts big blind €0.02
*** HOLE CARDS ***
Dealt to pipinoelbreve9 [2d Tc]
XxSuperLopezxX: folds 
pipinoelbreve9: folds 
Siddharta33: folds 
ReyGuto: folds 
Grilo9: folds 
Uncalled bet (€0.01) returned to dande62
dande62 collected €0.02 from pot
dande62: doesn't show hand 
*** SUMMARY ***
Total pot €0.02 | Rake €0 
Seat 1: ReyGuto (button) folded before Flop (didn't bet)
Seat 2: Grilo9 (small blind) folded before Flop
Seat 3: dande62 (big blind) collected (€0.02)
Seat 4: XxSuperLopezxX folded before Flop (didn't bet)
Seat 5: pipinoelbreve9 folded before Flop (didn't bet)
Seat 6: Siddharta33 folded before Flop (didn't bet)



PokerStars Zoom Hand #257491147976:  Hold'em No Limit (€0.01/€0.02) - 2025/08/26 12:33:13 CET [2025/08/26 6:33:13 ET]
Table 'Arneb' 6-max Seat #1 is the button
Seat 1: HALKIM2001 (€5.47 in chips) 
Seat 2: burgoa89 (€1.98 in chips) 
Seat 3: XxSuperLopezxX (€2.61 in chips) 
Seat 4: pipinoelbreve9 (€2.16 in chips) 
Seat 5: Grilo9 (€2 in chips) 
Seat 6: Wistonman (€2.09 in chips) 
burgoa89: posts small blind €0.01
XxSuperLopezxX: posts big blind €0.02
*** HOLE CARDS ***
Dealt to pipinoelbreve9 [7d 8s]
pipinoelbreve9: folds 
Grilo9: folds 
Wistonman: folds 
HALKIM2001: raises €0.05 to €0.07
burgoa89: folds 
XxSuperLopezxX: calls €0.05
*** FLOP *** [3s Th 8h]
XxSuperLopezxX: checks 
HALKIM2001: bets €5.40 and is all-in
XxSuperLopezxX: folds 
Uncalled bet (€5.40) returned to HALKIM2001
HALKIM2001 collected €0.14 from pot
HALKIM2001: doesn't show hand 
*** SUMMARY ***
Total pot €0.15 | Rake €0.01 
Board [3s Th 8h]
Seat 1: HALKIM2001 (button) collected (€0.14)
Seat 2: burgoa89 (small blind) folded before Flop
Seat 3: XxSuperLopezxX (big blind) folded on the Flop
Seat 4: pipinoelbreve9 folded before Flop (didn't bet)
Seat 5: Grilo9 folded before Flop (didn't bet)
Seat 6: Wistonman folded before Flop (didn't bet)



PokerStars Zoom Hand #257491149099:  Hold'em No Limit (€0.01/€0.02) - 2025/08/26 12:33:25 CET [2025/08/26 6:33:25 ET]
Table 'Arneb' 6-max Seat #1 is the button
Seat 1: sennosen33 (€1.96 in chips) 
Seat 2: Grilo9 (€2 in chips) 
Seat 3: mikpepra (€1 in chips) 
Seat 4: ReyGuto (€1.96 in chips) 
Seat 5: Marya1956 (€2.33 in chips) 
Seat 6: pipinoelbreve9 (€2.16 in chips) 
Grilo9: posts small blind €0.01
mikpepra: posts big blind €0.02
*** HOLE CARDS ***
Dealt to pipinoelbreve9 [Tc Kc]
ReyGuto: folds 
Marya1956: folds 
pipinoelbreve9: raises €0.04 to €0.06
sennosen33: folds 
Grilo9: folds 
mikpepra has timed out while disconnected
mikpepra: folds 
Uncalled bet (€0.04) returned to pipinoelbreve9
pipinoelbreve9 collected €0.05 from pot
pipinoelbreve9: doesn't show hand 
*** SUMMARY ***
Total pot €0.05 | Rake €0 
Seat 1: sennosen33 (button) folded before Flop (didn't bet)
Seat 2: Grilo9 (small blind) folded before Flop
Seat 3: mikpepra (big blind) folded before Flop
Seat 4: ReyGuto folded before Flop (didn't bet)
Seat 5: Marya1956 folded before Flop (didn't bet)
Seat 6: pipinoelbreve9 collected (€0.05)



PokerStars Zoom Hand #257491151523:  Hold'em No Limit (€0.01/€0.02) - 2025/08/26 12:33:50 CET [2025/08/26 6:33:50 ET]
Table 'Arneb' 6-max Seat #1 is the button
Seat 1: HALKIM2001 (€2.57 in chips) 
Seat 2: pipinoelbreve9 (€2.19 in chips) 
Seat 3: canokiller (€2.14 in chips) 
Seat 4: sintemblar (€2.11 in chips) 
Seat 5: Siddharta33 (€2.56 in chips) 
Seat 6: orosa (€2.52 in chips) 
pipinoelbreve9: posts small blind €0.01
canokiller: posts big blind €0.02
*** HOLE CARDS ***
Dealt to pipinoelbreve9 [3d 9c]
sintemblar: folds 
Siddharta33: raises €0.04 to €0.06
orosa: folds 
HALKIM2001: folds 
pipinoelbreve9: folds 
canokiller: calls €0.04
*** FLOP *** [5d 5s Tc]
canokiller: checks 
Siddharta33: checks 
*** TURN *** [5d 5s Tc] [5h]
canokiller: bets €0.04
Siddharta33: folds 
Uncalled bet (€0.04) returned to canokiller
canokiller collected €0.12 from pot
canokiller: doesn't show hand 
*** SUMMARY ***
Total pot €0.13 | Rake €0.01 
Board [5d 5s Tc 5h]
Seat 1: HALKIM2001 (button) folded before Flop (didn't bet)
Seat 2: pipinoelbreve9 (small blind) folded before Flop
Seat 3: canokiller (big blind) collected (€0.12)
Seat 4: sintemblar folded before Flop (didn't bet)
Seat 5: Siddharta33 folded on the Turn
Seat 6: orosa folded before Flop (didn't bet)



PokerStars Zoom Hand #257491152713:  Hold'em No Limit (€0.01/€0.02) - 2025/08/26 12:34:02 CET [2025/08/26 6:34:02 ET]
Table 'Arneb' 6-max Seat #1 is the button
Seat 1: sintemblar (€2.11 in chips) 
Seat 2: burgoa89 (€1.97 in chips) 
Seat 3: pipinoelbreve9 (€2.18 in chips) 
Seat 4: Grilo9 (€2.01 in chips) 
Seat 5: davpokstar (€0.30 in chips) 
Seat 6: lucho104969 (€1.13 in chips) 
burgoa89: posts small blind €0.01
pipinoelbreve9: posts big blind €0.02
*** HOLE CARDS ***
Dealt to pipinoelbreve9 [Th Tc]
Grilo9: raises €0.04 to €0.06
davpokstar: calls €0.06
lucho104969: folds 
sintemblar: folds 
burgoa89: folds 
pipinoelbreve9: calls €0.04
*** FLOP *** [5s 6h 6c]
pipinoelbreve9: checks 
Grilo9: checks 
davpokstar: checks 
*** TURN *** [5s 6h 6c] [4c]
pipinoelbreve9: bets €0.18
Grilo9: folds 
davpokstar: folds 
Uncalled bet (€0.18) returned to pipinoelbreve9
pipinoelbreve9 collected €0.18 from pot
pipinoelbreve9: doesn't show hand 
*** SUMMARY ***
Total pot €0.19 | Rake €0.01 
Board [5s 6h 6c 4c]
Seat 1: sintemblar (button) folded before Flop (didn't bet)
Seat 2: burgoa89 (small blind) folded before Flop
Seat 3: pipinoelbreve9 (big blind) collected (€0.18)
Seat 4: Grilo9 folded on the Turn
Seat 5: davpokstar folded on the Turn
Seat 6: lucho104969 folded before Flop (didn't bet)



PokerStars Zoom Hand #257491155835:  Hold'em No Limit (€0.01/€0.02) - 2025/08/26 12:34:34 CET [2025/08/26 6:34:34 ET]
Table 'Arneb' 6-max Seat #1 is the button
Seat 1: dinatalio (€3.23 in chips) 
Seat 2: Grilo9 (€2 in chips) 
Seat 3: Wistonman (€2.06 in chips) 
Seat 4: ReyGuto (€1.03 in chips) 
Seat 5: pipinoelbreve9 (€2.30 in chips) 
Seat 6: burgoa89 (€1.94 in chips) 
Grilo9: posts small blind €0.01
Wistonman: posts big blind €0.02
*** HOLE CARDS ***
Dealt to pipinoelbreve9 [2c Js]
ReyGuto: folds 
pipinoelbreve9: folds 
burgoa89: folds 
dinatalio: raises €0.04 to €0.06
Grilo9: folds 
Wistonman: folds 
Uncalled bet (€0.04) returned to dinatalio
dinatalio collected €0.05 from pot
dinatalio: doesn't show hand 
*** SUMMARY ***
Total pot €0.05 | Rake €0 
Seat 1: dinatalio (button) collected (€0.05)
Seat 2: Grilo9 (small blind) folded before Flop
Seat 3: Wistonman (big blind) folded before Flop
Seat 4: ReyGuto folded before Flop (didn't bet)
Seat 5: pipinoelbreve9 folded before Flop (didn't bet)
Seat 6: burgoa89 folded before Flop (didn't bet)



PokerStars Zoom Hand #257491156202:  Hold'em No Limit (€0.01/€0.02) - 2025/08/26 12:34:38 CET [2025/08/26 6:34:38 ET]
Table 'Arneb' 6-max Seat #1 is the button
Seat 1: orosa (€2.10 in chips) 
Seat 2: gregoss054 (€2.01 in chips) 
Seat 3: timaria74 (€2.50 in chips) 
Seat 4: pipinoelbreve9 (€2.30 in chips) 
Seat 5: ReyGuto (€1.03 in chips) 
Seat 6: canokiller (€2.19 in chips) 
gregoss054: posts small blind €0.01
timaria74: posts big blind €0.02
*** HOLE CARDS ***
Dealt to pipinoelbreve9 [Th As]
pipinoelbreve9: raises €0.04 to €0.06
ReyGuto: folds 
canokiller: folds 
orosa: folds 
gregoss054: folds 
timaria74: calls €0.04
*** FLOP *** [5h Js Kc]
timaria74: checks 
pipinoelbreve9: bets €0.04
timaria74: calls €0.04
*** TURN *** [5h Js Kc] [3c]
timaria74: bets €0.05
pipinoelbreve9: folds 
Uncalled bet (€0.05) returned to timaria74
timaria74 collected €0.20 from pot
timaria74: doesn't show hand 
*** SUMMARY ***
Total pot €0.21 | Rake €0.01 
Board [5h Js Kc 3c]
Seat 1: orosa (button) folded before Flop (didn't bet)
Seat 2: gregoss054 (small blind) folded before Flop
Seat 3: timaria74 (big blind) collected (€0.20)
Seat 4: pipinoelbreve9 folded on the Turn
Seat 5: ReyGuto folded before Flop (didn't bet)
Seat 6: canokiller folded before Flop (didn't bet)



PokerStars Zoom Hand #257491155439:  Hold'em No Limit (€0.01/€0.02) - 2025/08/26 12:34:30 CET [2025/08/26 6:34:30 ET]
Table 'Arneb' 6-max Seat #1 is the button
Seat 1: pipinoelbreve9 (€2.30 in chips) 
Seat 2: DarkSidious666 (€2.57 in chips) 
Seat 3: alexpqx (€2.09 in chips) 
Seat 4: Roixo1 (€2.42 in chips) 
Seat 5: Marya1956 (€2.33 in chips) 
Seat 6: Grilo9 (€2 in chips) 
DarkSidious666: posts small blind €0.01
alexpqx: posts big blind €0.02
*** HOLE CARDS ***
Dealt to pipinoelbreve9 [Qd 8c]
Roixo1: calls €0.02
Marya1956: folds 
Grilo9: folds 
pipinoelbreve9: folds 
DarkSidious666: raises €0.05 to €0.07
alexpqx: folds 
Roixo1: calls €0.05
*** FLOP *** [4c Ts 3d]
DarkSidious666: bets €0.06
Roixo1: calls €0.06
*** TURN *** [4c Ts 3d] [6c]
DarkSidious666: bets €0.11
Roixo1: calls €0.11
*** RIVER *** [4c Ts 3d 6c] [Kd]
DarkSidious666: bets €0.36
Roixo1: folds 
Uncalled bet (€0.36) returned to DarkSidious666
DarkSidious666 collected €0.48 from pot
DarkSidious666: doesn't show hand 
*** SUMMARY ***
Total pot €0.50 | Rake €0.02 
Board [4c Ts 3d 6c Kd]
Seat 1: pipinoelbreve9 (button) folded before Flop (didn't bet)
Seat 2: DarkSidious666 (small blind) collected (€0.48)
Seat 3: alexpqx (big blind) folded before Flop
Seat 4: Roixo1 folded on the River
Seat 5: Marya1956 folded before Flop (didn't bet)
Seat 6: Grilo9 folded before Flop (didn't bet)



PokerStars Zoom Hand #257491159333:  Hold'em No Limit (€0.01/€0.02) - 2025/08/26 12:35:10 CET [2025/08/26 6:35:10 ET]
Table 'Arneb' 6-max Seat #1 is the button
Seat 1: sintemblar (€2.03 in chips) 
Seat 2: Grilo9 (€2.04 in chips) 
Seat 3: alexpqx (€4.50 in chips) 
Seat 4: pipinoelbreve9 (€2.20 in chips) 
Seat 5: burgoa89 (€1.91 in chips) 
Seat 6: p@ddysunn (€4.04 in chips) 
Grilo9: posts small blind €0.01
alexpqx: posts big blind €0.02
*** HOLE CARDS ***
Dealt to pipinoelbreve9 [7s Th]
pipinoelbreve9: folds 
burgoa89: folds 
p@ddysunn: folds 
sintemblar: raises €0.03 to €0.05
Grilo9: folds 
alexpqx: folds 
Uncalled bet (€0.03) returned to sintemblar
sintemblar collected €0.05 from pot
sintemblar: doesn't show hand 
*** SUMMARY ***
Total pot €0.05 | Rake €0 
Seat 1: sintemblar (button) collected (€0.05)
Seat 2: Grilo9 (small blind) folded before Flop
Seat 3: alexpqx (big blind) folded before Flop
Seat 4: pipinoelbreve9 folded before Flop (didn't bet)
Seat 5: burgoa89 folded before Flop (didn't bet)
Seat 6: p@ddysunn folded before Flop (didn't bet)



PokerStars Zoom Hand #257491160092:  Hold'em No Limit (€0.01/€0.02) - 2025/08/26 12:35:18 CET [2025/08/26 6:35:18 ET]
Table 'Arneb' 6-max Seat #1 is the button
Seat 1: ReyGuto (€1.98 in chips) 
Seat 2: pipinoelbreve9 (€2.20 in chips) 
Seat 3: gregoss054 (€2 in chips) 
Seat 4: p@ddysunn (€4.04 in chips) 
Seat 5: gelotes (€1.81 in chips) 
Seat 6: richdog2560 (€2.99 in chips) 
pipinoelbreve9: posts small blind €0.01
gregoss054: posts big blind €0.02
*** HOLE CARDS ***
Dealt to pipinoelbreve9 [Ac 2s]
p@ddysunn: raises €0.03 to €0.05
gelotes: folds 
richdog2560: folds 
ReyGuto: folds 
pipinoelbreve9: folds 
gregoss054: folds 
Uncalled bet (€0.03) returned to p@ddysunn
p@ddysunn collected €0.05 from pot
p@ddysunn: doesn't show hand 
*** SUMMARY ***
Total pot €0.05 | Rake €0 
Seat 1: ReyGuto (button) folded before Flop (didn't bet)
Seat 2: pipinoelbreve9 (small blind) folded before Flop
Seat 3: gregoss054 (big blind) folded before Flop
Seat 4: p@ddysunn collected (€0.05)
Seat 5: gelotes folded before Flop (didn't bet)
Seat 6: richdog2560 folded before Flop (didn't bet)



PokerStars Zoom Hand #257491162418:  Hold'em No Limit (€0.01/€0.02) - 2025/08/26 12:35:42 CET [2025/08/26 6:35:42 ET]
Table 'Arneb' 6-max Seat #1 is the button
Seat 1: damastodas (€2.35 in chips) 
Seat 2: ecuinas (€4.09 in chips) 
Seat 3: pipinoelbreve9 (€2.19 in chips) 
Seat 4: HGrenha (€1.08 in chips) 
Seat 5: ElPilarAA (€2.56 in chips) 
Seat 6: sintemblar (€2 in chips) 
ecuinas: posts small blind €0.01
pipinoelbreve9: posts big blind €0.02
*** HOLE CARDS ***
Dealt to pipinoelbreve9 [5h 7s]
HGrenha: folds 
ElPilarAA: raises €0.02 to €0.04
sintemblar: folds 
damastodas: folds 
ecuinas: folds 
pipinoelbreve9: folds 
Uncalled bet (€0.02) returned to ElPilarAA
ElPilarAA collected €0.05 from pot
ElPilarAA: doesn't show hand 
*** SUMMARY ***
Total pot €0.05 | Rake €0 
Seat 1: damastodas (button) folded before Flop (didn't bet)
Seat 2: ecuinas (small blind) folded before Flop
Seat 3: pipinoelbreve9 (big blind) folded before Flop
Seat 4: HGrenha folded before Flop (didn't bet)
Seat 5: ElPilarAA collected (€0.05)
Seat 6: sintemblar folded before Flop (didn't bet)



PokerStars Zoom Hand #257491161589:  Hold'em No Limit (€0.01/€0.02) - 2025/08/26 12:35:33 CET [2025/08/26 6:35:33 ET]
Table 'Arneb' 6-max Seat #1 is the button
Seat 1: alexpqx (€4.48 in chips) 
Seat 2: sintemblar (€2.07 in chips) 
Seat 3: marisavlc (€1 in chips) 
Seat 4: lucho104969 (€1.04 in chips) 
Seat 5: Sudoki81 (€2.20 in chips) 
Seat 6: pipinoelbreve9 (€2.19 in chips) 
sintemblar: posts small blind €0.01
marisavlc: posts big blind €0.02
*** HOLE CARDS ***
Dealt to pipinoelbreve9 [2s 6h]
lucho104969: folds 
Sudoki81: raises €0.05 to €0.07
pipinoelbreve9: folds 
alexpqx: folds 
sintemblar: folds 
marisavlc: calls €0.05
*** FLOP *** [Qh Ac 7d]
marisavlc: checks 
Sudoki81: bets €0.07
marisavlc: folds 
Uncalled bet (€0.07) returned to Sudoki81
Sudoki81 collected €0.14 from pot
Sudoki81: doesn't show hand 
*** SUMMARY ***
Total pot €0.15 | Rake €0.01 
Board [Qh Ac 7d]
Seat 1: alexpqx (button) folded before Flop (didn't bet)
Seat 2: sintemblar (small blind) folded before Flop
Seat 3: marisavlc (big blind) folded on the Flop
Seat 4: lucho104969 folded before Flop (didn't bet)
Seat 5: Sudoki81 collected (€0.14)
Seat 6: pipinoelbreve9 folded before Flop (didn't bet)



PokerStars Zoom Hand #257491163072:  Hold'em No Limit (€0.01/€0.02) - 2025/08/26 12:35:49 CET [2025/08/26 6:35:49 ET]
Table 'Arneb' 6-max Seat #1 is the button
Seat 1: pipinoelbreve9 (€2.17 in chips) 
Seat 2: richdog2560 (€5.38 in chips) 
Seat 3: sintemblar (€2 in chips) 
Seat 4: Roixo1 (€2.17 in chips) 
Seat 5: David el Santos (€2.49 in chips) 
Seat 6: Grilo9 (€2.01 in chips) 
richdog2560: posts small blind €0.01
sintemblar: posts big blind €0.02
*** HOLE CARDS ***
Dealt to pipinoelbreve9 [7h Ah]
Roixo1: folds 
David el Santos: folds 
Grilo9: raises €0.04 to €0.06
pipinoelbreve9: calls €0.06
richdog2560: folds 
sintemblar: folds 
*** FLOP *** [4c 9h Kc]
Grilo9: checks 
pipinoelbreve9: checks 
*** TURN *** [4c 9h Kc] [9d]
Grilo9: bets €0.07
pipinoelbreve9: calls €0.07
*** RIVER *** [4c 9h Kc 9d] [Jc]
Grilo9: checks 
pipinoelbreve9: checks 
*** SHOW DOWN ***
Grilo9: shows [Ts Tc] (two pair, Tens and Nines)
pipinoelbreve9: mucks hand 
Grilo9 collected €0.28 from pot
*** SUMMARY ***
Total pot €0.29 | Rake €0.01 
Board [4c 9h Kc 9d Jc]
Seat 1: pipinoelbreve9 (button) mucked [7h Ah]
Seat 2: richdog2560 (small blind) folded before Flop
Seat 3: sintemblar (big blind) folded before Flop
Seat 4: Roixo1 folded before Flop (didn't bet)
Seat 5: David el Santos folded before Flop (didn't bet)
Seat 6: Grilo9 showed [Ts Tc] and won (€0.28) with two pair, Tens and Nines



PokerStars Zoom Hand #257491166243:  Hold'em No Limit (€0.01/€0.02) - 2025/08/26 12:36:21 CET [2025/08/26 6:36:21 ET]
Table 'Arneb' 6-max Seat #1 is the button
Seat 1: MadameCruella (€2.58 in chips) 
Seat 2: funkyman1266 (€1.19 in chips) 
Seat 3: CondeVnCount (€2 in chips) 
Seat 4: richdog2560 (€5.37 in chips) 
Seat 5: SrLyrox (€3.56 in chips) 
Seat 6: pipinoelbreve9 (€2.04 in chips) 
funkyman1266: posts small blind €0.01
CondeVnCount: posts big blind €0.02
*** HOLE CARDS ***
Dealt to pipinoelbreve9 [Kd Jh]
richdog2560: raises €0.02 to €0.04
SrLyrox: folds 
pipinoelbreve9: calls €0.04
MadameCruella: folds 
funkyman1266: calls €0.03
CondeVnCount: folds 
*** FLOP *** [9h 4c Ad]
funkyman1266: checks 
richdog2560: checks 
pipinoelbreve9: bets €0.04
funkyman1266: folds 
richdog2560: folds 
Uncalled bet (€0.04) returned to pipinoelbreve9
pipinoelbreve9 collected €0.13 from pot
pipinoelbreve9: doesn't show hand 
*** SUMMARY ***
Total pot €0.14 | Rake €0.01 
Board [9h 4c Ad]
Seat 1: MadameCruella (button) folded before Flop (didn't bet)
Seat 2: funkyman1266 (small blind) folded on the Flop
Seat 3: CondeVnCount (big blind) folded before Flop
Seat 4: richdog2560 folded on the Flop
Seat 5: SrLyrox folded before Flop (didn't bet)
Seat 6: pipinoelbreve9 collected (€0.13)



PokerStars Zoom Hand #257491170215:  Hold'em No Limit (€0.01/€0.02) - 2025/08/26 12:37:02 CET [2025/08/26 6:37:02 ET]
Table 'Arneb' 6-max Seat #1 is the button
Seat 1: funkyman1266 (€1.16 in chips) 
Seat 2: pipinoelbreve9 (€2.13 in chips) 
Seat 3: burgoa89 (€1.83 in chips) 
Seat 4: HGrenha (€0.63 in chips) 
Seat 5: Esttelaa (€0.42 in chips) 
Seat 6: sintemblar (€2.06 in chips) 
pipinoelbreve9: posts small blind €0.01
burgoa89: posts big blind €0.02
*** HOLE CARDS ***
Dealt to pipinoelbreve9 [Jd 6h]
HGrenha: raises €0.61 to €0.63 and is all-in
Esttelaa: folds 
sintemblar: folds 
funkyman1266: folds 
pipinoelbreve9: folds 
burgoa89: folds 
Uncalled bet (€0.61) returned to HGrenha
HGrenha collected €0.05 from pot
HGrenha: doesn't show hand 
*** SUMMARY ***
Total pot €0.05 | Rake €0 
Seat 1: funkyman1266 (button) folded before Flop (didn't bet)
Seat 2: pipinoelbreve9 (small blind) folded before Flop
Seat 3: burgoa89 (big blind) folded before Flop
Seat 4: HGrenha collected (€0.05)
Seat 5: Esttelaa folded before Flop (didn't bet)
Seat 6: sintemblar folded before Flop (didn't bet)



PokerStars Zoom Hand #257491170900:  Hold'em No Limit (€0.01/€0.02) - 2025/08/26 12:37:09 CET [2025/08/26 6:37:09 ET]
Table 'Arneb' 6-max Seat #1 is the button
Seat 1: richdog2560 (€3.04 in chips) 
Seat 2: David el Santos (€2.80 in chips) 
Seat 3: basurdia (€2 in chips) 
Seat 4: ecuinas (€3.97 in chips) 
Seat 5: pipinoelbreve9 (€2.12 in chips) 
Seat 6: Sudoki81 (€2.30 in chips) 
David el Santos: posts small blind €0.01
basurdia: posts big blind €0.02
*** HOLE CARDS ***
Dealt to pipinoelbreve9 [6d Kd]
ecuinas: folds 
pipinoelbreve9: folds 
Sudoki81: folds 
richdog2560: folds 
David el Santos: folds 
Uncalled bet (€0.01) returned to basurdia
basurdia collected €0.02 from pot
basurdia: doesn't show hand 
*** SUMMARY ***
Total pot €0.02 | Rake €0 
Seat 1: richdog2560 (button) folded before Flop (didn't bet)
Seat 2: David el Santos (small blind) folded before Flop
Seat 3: basurdia (big blind) collected (€0.02)
Seat 4: ecuinas folded before Flop (didn't bet)
Seat 5: pipinoelbreve9 folded before Flop (didn't bet)
Seat 6: Sudoki81 folded before Flop (didn't bet)



PokerStars Zoom Hand #257491171904:  Hold'em No Limit (€0.01/€0.02) - 2025/08/26 12:37:19 CET [2025/08/26 6:37:19 ET]
Table 'Arneb' 6-max Seat #1 is the button
Seat 1: Marya1956 (€2.38 in chips) 
Seat 2: p@ddysunn (€4 in chips) 
Seat 3: pipinoelbreve9 (€2.12 in chips) 
Seat 4: sintemblar (€2.24 in chips) 
Seat 5: Sudoki81 (€2.30 in chips) 
Seat 6: damastodas (€2.31 in chips) 
p@ddysunn: posts small blind €0.01
pipinoelbreve9: posts big blind €0.02
*** HOLE CARDS ***
Dealt to pipinoelbreve9 [2d Kd]
sintemblar: raises €0.04 to €0.06
Sudoki81: folds 
damastodas: folds 
Marya1956: calls €0.06
p@ddysunn: folds 
pipinoelbreve9: folds 
*** FLOP *** [4c 6s 9s]
sintemblar: checks 
Marya1956: bets €0.06
sintemblar: folds 
Uncalled bet (€0.06) returned to Marya1956
Marya1956 collected €0.14 from pot
Marya1956: doesn't show hand 
*** SUMMARY ***
Total pot €0.15 | Rake €0.01 
Board [4c 6s 9s]
Seat 1: Marya1956 (button) collected (€0.14)
Seat 2: p@ddysunn (small blind) folded before Flop
Seat 3: pipinoelbreve9 (big blind) folded before Flop
Seat 4: sintemblar folded on the Flop
Seat 5: Sudoki81 folded before Flop (didn't bet)
Seat 6: damastodas folded before Flop (didn't bet)



PokerStars Zoom Hand #257491172787:  Hold'em No Limit (€0.01/€0.02) - 2025/08/26 12:37:28 CET [2025/08/26 6:37:28 ET]
Table 'Arneb' 6-max Seat #1 is the button
Seat 1: pipinoelbreve9 (€2.10 in chips) 
Seat 2: HGrenha (€0.69 in chips) 
Seat 3: dande62 (€2.33 in chips) 
Seat 4: p@ddysunn (€3.99 in chips) 
Seat 5: ReyGuto (€1.92 in chips) 
Seat 6: canokiller (€2.67 in chips) 
HGrenha: posts small blind €0.01
dande62: posts big blind €0.02
*** HOLE CARDS ***
Dealt to pipinoelbreve9 [8h 8c]
p@ddysunn: folds 
ReyGuto: folds 
canokiller: raises €0.04 to €0.06
pipinoelbreve9: calls €0.06
HGrenha: raises €0.63 to €0.69 and is all-in
dande62: folds 
canokiller: folds 
pipinoelbreve9: calls €0.63
*** FLOP *** [9h Td Qd]
*** TURN *** [9h Td Qd] [5d]
*** RIVER *** [9h Td Qd 5d] [Kc]
*** SHOW DOWN ***
HGrenha: shows [Qc Ad] (a pair of Queens)
pipinoelbreve9: shows [8h 8c] (a pair of Eights)
HGrenha collected €1.39 from pot
*** SUMMARY ***
Total pot €1.46 | Rake €0.07 
Board [9h Td Qd 5d Kc]
Seat 1: pipinoelbreve9 (button) showed [8h 8c] and lost with a pair of Eights
Seat 2: HGrenha (small blind) showed [Qc Ad] and won (€1.39) with a pair of Queens
Seat 3: dande62 (big blind) folded before Flop
Seat 4: p@ddysunn folded before Flop (didn't bet)
Seat 5: ReyGuto folded before Flop (didn't bet)
Seat 6: canokiller folded before Flop



PokerStars Zoom Hand #257491175952:  Hold'em No Limit (€0.01/€0.02) - 2025/08/26 12:38:00 CET [2025/08/26 6:38:00 ET]
Table 'Arneb' 6-max Seat #1 is the button
Seat 1: bokanegraa (€2.28 in chips) 
Seat 2: orosa (€2.36 in chips) 
Seat 3: basurdia (€2 in chips) 
Seat 4: pipinoelbreve9 (€2 in chips) 
Seat 5: gregoss054 (€2.41 in chips) 
Seat 6: Ab5tract10n (€1.45 in chips) 
orosa: posts small blind €0.01
basurdia: posts big blind €0.02
*** HOLE CARDS ***
Dealt to pipinoelbreve9 [Td 2c]
pipinoelbreve9: folds 
gregoss054: folds 
Ab5tract10n: folds 
bokanegraa: folds 
orosa: folds 
Uncalled bet (€0.01) returned to basurdia
basurdia collected €0.02 from pot
basurdia: doesn't show hand 
*** SUMMARY ***
Total pot €0.02 | Rake €0 
Seat 1: bokanegraa (button) folded before Flop (didn't bet)
Seat 2: orosa (small blind) folded before Flop
Seat 3: basurdia (big blind) collected (€0.02)
Seat 4: pipinoelbreve9 folded before Flop (didn't bet)
Seat 5: gregoss054 folded before Flop (didn't bet)
Seat 6: Ab5tract10n folded before Flop (didn't bet)



PokerStars Zoom Hand #257491177229:  Hold'em No Limit (€0.01/€0.02) - 2025/08/26 12:38:13 CET [2025/08/26 6:38:13 ET]
Table 'Arneb' 6-max Seat #1 is the button
Seat 1: m.p.a.55 (€2.04 in chips) 
Seat 2: bokanegraa (€2.28 in chips) 
Seat 3: mikpepra (€1.02 in chips) 
Seat 4: gregoss054 (€3.81 in chips) 
Seat 5: Marya1956 (€3.22 in chips) 
Seat 6: pipinoelbreve9 (€2 in chips) 
bokanegraa: posts small blind €0.01
mikpepra: posts big blind €0.02
*** HOLE CARDS ***
Dealt to pipinoelbreve9 [5h Tc]
gregoss054: folds 
Marya1956: folds 
pipinoelbreve9: folds 
m.p.a.55: raises €0.02 to €0.04
bokanegraa: folds 
mikpepra: folds 
Uncalled bet (€0.02) returned to m.p.a.55
m.p.a.55 collected €0.05 from pot
m.p.a.55: doesn't show hand 
*** SUMMARY ***
Total pot €0.05 | Rake €0 
Seat 1: m.p.a.55 (button) collected (€0.05)
Seat 2: bokanegraa (small blind) folded before Flop
Seat 3: mikpepra (big blind) folded before Flop
Seat 4: gregoss054 folded before Flop (didn't bet)
Seat 5: Marya1956 folded before Flop (didn't bet)
Seat 6: pipinoelbreve9 folded before Flop (didn't bet)



PokerStars Zoom Hand #257491176750:  Hold'em No Limit (€0.01/€0.02) - 2025/08/26 12:38:08 CET [2025/08/26 6:38:08 ET]
Table 'Arneb' 6-max Seat #1 is the button
Seat 1: Ksunm (€2.13 in chips) 
Seat 2: dande62 (€2.25 in chips) 
Seat 3: SrLyrox (€1.82 in chips) 
Seat 4: pipinoelbreve9 (€2 in chips) 
Seat 5: timaria74 (€2.89 in chips) 
Seat 6: bokanegraa (€2.28 in chips) 
dande62: posts small blind €0.01
SrLyrox: posts big blind €0.02
*** HOLE CARDS ***
Dealt to pipinoelbreve9 [7d 4c]
pipinoelbreve9: folds 
timaria74: folds 
bokanegraa: folds 
Ksunm: folds 
dande62: folds 
Uncalled bet (€0.01) returned to SrLyrox
SrLyrox collected €0.02 from pot
SrLyrox: doesn't show hand 
*** SUMMARY ***
Total pot €0.02 | Rake €0 
Seat 1: Ksunm (button) folded before Flop (didn't bet)
Seat 2: dande62 (small blind) folded before Flop
Seat 3: SrLyrox (big blind) collected (€0.02)
Seat 4: pipinoelbreve9 folded before Flop (didn't bet)
Seat 5: timaria74 folded before Flop (didn't bet)
Seat 6: bokanegraa folded before Flop (didn't bet)



PokerStars Zoom Hand #257491177830:  Hold'em No Limit (€0.01/€0.02) - 2025/08/26 12:38:19 CET [2025/08/26 6:38:19 ET]
Table 'Arneb' 6-max Seat #1 is the button
Seat 1: ReyGuto (€1.39 in chips) 
Seat 2: pipinoelbreve9 (€2 in chips) 
Seat 3: bokanegraa (€2.27 in chips) 
Seat 4: ARomao10 (€2.13 in chips) 
Seat 5: Sudoki81 (€2.42 in chips) 
Seat 6: MadameCruella (€2.27 in chips) 
pipinoelbreve9: posts small blind €0.01
bokanegraa: posts big blind €0.02
*** HOLE CARDS ***
Dealt to pipinoelbreve9 [5d Ac]
ARomao10: folds 
Sudoki81: folds 
MadameCruella: folds 
ReyGuto: folds 
pipinoelbreve9: raises €0.04 to €0.06
bokanegraa: folds 
Uncalled bet (€0.04) returned to pipinoelbreve9
pipinoelbreve9 collected €0.04 from pot
pipinoelbreve9: doesn't show hand 
*** SUMMARY ***
Total pot €0.04 | Rake €0 
Seat 1: ReyGuto (button) folded before Flop (didn't bet)
Seat 2: pipinoelbreve9 (small blind) collected (€0.04)
Seat 3: bokanegraa (big blind) folded before Flop
Seat 4: ARomao10 folded before Flop (didn't bet)
Seat 5: Sudoki81 folded before Flop (didn't bet)
Seat 6: MadameCruella folded before Flop (didn't bet)



PokerStars Zoom Hand #257491178692:  Hold'em No Limit (€0.01/€0.02) - 2025/08/26 12:38:28 CET [2025/08/26 6:38:28 ET]
Table 'Arneb' 6-max Seat #1 is the button
Seat 1: HGrenha (€1.37 in chips) 
Seat 2: grenha1972 (€1.54 in chips) 
Seat 3: gregoss054 (€2.44 in chips) 
Seat 4: dande62 (€2.24 in chips) 
Seat 5: pipinoelbreve9 (€2.02 in chips) 
Seat 6: Roixo1 (€2.09 in chips) 
grenha1972: posts small blind €0.01
gregoss054: posts big blind €0.02
*** HOLE CARDS ***
Dealt to pipinoelbreve9 [Qd Jh]
dande62: folds 
pipinoelbreve9: raises €0.04 to €0.06
Roixo1: folds 
HGrenha: folds 
grenha1972: folds 
gregoss054: folds 
Uncalled bet (€0.04) returned to pipinoelbreve9
pipinoelbreve9 collected €0.05 from pot
pipinoelbreve9: doesn't show hand 
*** SUMMARY ***
Total pot €0.05 | Rake €0 
Seat 1: HGrenha (button) folded before Flop (didn't bet)
Seat 2: grenha1972 (small blind) folded before Flop
Seat 3: gregoss054 (big blind) folded before Flop
Seat 4: dande62 folded before Flop (didn't bet)
Seat 5: pipinoelbreve9 collected (€0.05)
Seat 6: Roixo1 folded before Flop (didn't bet)



PokerStars Zoom Hand #257491180016:  Hold'em No Limit (€0.01/€0.02) - 2025/08/26 12:38:41 CET [2025/08/26 6:38:41 ET]
Table 'Arneb' 6-max Seat #1 is the button
Seat 1: orosa (€2 in chips) 
Seat 2: gregoss054 (€2.42 in chips) 
Seat 3: pipinoelbreve9 (€2.05 in chips) 
Seat 4: basurdia (€2 in chips) 
Seat 5: bokanegraa (€2.25 in chips) 
Seat 6: burgoa89 (€2 in chips) 
gregoss054: posts small blind €0.01
pipinoelbreve9: posts big blind €0.02
*** HOLE CARDS ***
Dealt to pipinoelbreve9 [Kh 3c]
basurdia: raises €0.04 to €0.06
bokanegraa: folds 
burgoa89: folds 
orosa: folds 
gregoss054: folds 
pipinoelbreve9: folds 
Uncalled bet (€0.04) returned to basurdia
basurdia collected €0.05 from pot
basurdia: doesn't show hand 
*** SUMMARY ***
Total pot €0.05 | Rake €0 
Seat 1: orosa (button) folded before Flop (didn't bet)
Seat 2: gregoss054 (small blind) folded before Flop
Seat 3: pipinoelbreve9 (big blind) folded before Flop
Seat 4: basurdia collected (€0.05)
Seat 5: bokanegraa folded before Flop (didn't bet)
Seat 6: burgoa89 folded before Flop (didn't bet)



PokerStars Zoom Hand #257491180811:  Hold'em No Limit (€0.01/€0.02) - 2025/08/26 12:38:50 CET [2025/08/26 6:38:50 ET]
Table 'Arneb' 6-max Seat #1 is the button
Seat 1: 77samuel33 (€2 in chips) 
Seat 2: CondeVnCount (€2.16 in chips) 
Seat 3: gregoss054 (€2.41 in chips) 
Seat 4: ReyGuto (€1.37 in chips) 
Seat 5: pipinoelbreve9 (€2.03 in chips) 
Seat 6: p@ddysunn (€2.83 in chips) 
CondeVnCount: posts small blind €0.01
gregoss054: posts big blind €0.02
*** HOLE CARDS ***
Dealt to pipinoelbreve9 [3h 3d]
ReyGuto: folds 
pipinoelbreve9: raises €0.04 to €0.06
p@ddysunn: folds 
77samuel33: raises €0.12 to €0.18
CondeVnCount: folds 
gregoss054: folds 
pipinoelbreve9: folds 
Uncalled bet (€0.12) returned to 77samuel33
77samuel33 collected €0.15 from pot
77samuel33: doesn't show hand 
*** SUMMARY ***
Total pot €0.15 | Rake €0 
Seat 1: 77samuel33 (button) collected (€0.15)
Seat 2: CondeVnCount (small blind) folded before Flop
Seat 3: gregoss054 (big blind) folded before Flop
Seat 4: ReyGuto folded before Flop (didn't bet)
Seat 5: pipinoelbreve9 folded before Flop
Seat 6: p@ddysunn folded before Flop (didn't bet)



PokerStars Zoom Hand #257491182563:  Hold'em No Limit (€0.01/€0.02) - 2025/08/26 12:39:07 CET [2025/08/26 6:39:07 ET]
Table 'Arneb' 6-max Seat #1 is the button
Seat 1: sennosen33 (€1.74 in chips) 
Seat 2: orosa (€2.01 in chips) 
Seat 3: funkyman1266 (€1.18 in chips) 
Seat 4: CondeVnCount (€2.15 in chips) 
Seat 5: pipinoelbreve9 (€2 in chips) 
Seat 6: AceFireBzH (€2.08 in chips) 
orosa: posts small blind €0.01
funkyman1266: posts big blind €0.02
*** HOLE CARDS ***
Dealt to pipinoelbreve9 [Jh Kc]
CondeVnCount: raises €0.04 to €0.06
pipinoelbreve9: calls €0.06
AceFireBzH: folds 
sennosen33: folds 
orosa: folds 
funkyman1266: calls €0.04
*** FLOP *** [6s Qc 5h]
funkyman1266: checks 
CondeVnCount: bets €0.07
pipinoelbreve9: calls €0.07
funkyman1266: calls €0.07
*** TURN *** [6s Qc 5h] [7s]
funkyman1266: checks 
CondeVnCount: bets €0.38
pipinoelbreve9: folds 
funkyman1266: folds 
Uncalled bet (€0.38) returned to CondeVnCount
CondeVnCount collected €0.38 from pot
CondeVnCount: doesn't show hand 
*** SUMMARY ***
Total pot €0.40 | Rake €0.02 
Board [6s Qc 5h 7s]
Seat 1: sennosen33 (button) folded before Flop (didn't bet)
Seat 2: orosa (small blind) folded before Flop
Seat 3: funkyman1266 (big blind) folded on the Turn
Seat 4: CondeVnCount collected (€0.38)
Seat 5: pipinoelbreve9 folded on the Turn
Seat 6: AceFireBzH folded before Flop (didn't bet)



PokerStars Zoom Hand #257491186712:  Hold'em No Limit (€0.01/€0.02) - 2025/08/26 12:39:50 CET [2025/08/26 6:39:50 ET]
Table 'Arneb' 6-max Seat #1 is the button
Seat 1: pipinoelbreve9 (€2 in chips) 
Seat 2: sofkon99 (€2.01 in chips) 
Seat 3: Abrelatas787 (€1.75 in chips) 
Seat 4: CondeVnCount (€2 in chips) 
Seat 5: ReyGuto (€1.33 in chips) 
Seat 6: titigodi (€2.08 in chips) 
sofkon99: posts small blind €0.01
Abrelatas787: posts big blind €0.02
*** HOLE CARDS ***
Dealt to pipinoelbreve9 [As Ts]
CondeVnCount: folds 
ReyGuto: folds 
titigodi: folds 
pipinoelbreve9: raises €0.04 to €0.06
sofkon99: raises €0.14 to €0.20
Abrelatas787: folds 
pipinoelbreve9: calls €0.14
*** FLOP *** [8d 9c Qs]
sofkon99: bets €0.20
pipinoelbreve9: calls €0.20
*** TURN *** [8d 9c Qs] [5h]
sofkon99: checks 
pipinoelbreve9: checks 
*** RIVER *** [8d 9c Qs 5h] [7s]
sofkon99: checks 
pipinoelbreve9: checks 
*** SHOW DOWN ***
sofkon99: shows [9h Jh] (a pair of Nines)
pipinoelbreve9: mucks hand 
sofkon99 collected €0.78 from pot
*** SUMMARY ***
Total pot €0.82 | Rake €0.04 
Board [8d 9c Qs 5h 7s]
Seat 1: pipinoelbreve9 (button) mucked [As Ts]
Seat 2: sofkon99 (small blind) showed [9h Jh] and won (€0.78) with a pair of Nines
Seat 3: Abrelatas787 (big blind) folded before Flop
Seat 4: CondeVnCount folded before Flop (didn't bet)
Seat 5: ReyGuto folded before Flop (didn't bet)
Seat 6: titigodi folded before Flop (didn't bet)



PokerStars Zoom Hand #257491190912:  Hold'em No Limit (€0.01/€0.02) - 2025/08/26 12:40:33 CET [2025/08/26 6:40:33 ET]
Table 'Arneb' 6-max Seat #1 is the button
Seat 1: SrLyrox (€2.08 in chips) 
Seat 2: orosa (€2.01 in chips) 
Seat 3: simeonecdp89 (€3.66 in chips) 
Seat 4: dande62 (€1.76 in chips) 
Seat 5: sofkon99 (€2.39 in chips) 
Seat 6: pipinoelbreve9 (€2 in chips) 
orosa: posts small blind €0.01
simeonecdp89: posts big blind €0.02
*** HOLE CARDS ***
Dealt to pipinoelbreve9 [7h 9h]
dande62: folds 
sofkon99: folds 
pipinoelbreve9: folds 
SrLyrox: raises €0.04 to €0.06
orosa: folds 
simeonecdp89: folds 
Uncalled bet (€0.04) returned to SrLyrox
SrLyrox collected €0.05 from pot
SrLyrox: doesn't show hand 
*** SUMMARY ***
Total pot €0.05 | Rake €0 
Seat 1: SrLyrox (button) collected (€0.05)
Seat 2: orosa (small blind) folded before Flop
Seat 3: simeonecdp89 (big blind) folded before Flop
Seat 4: dande62 folded before Flop (didn't bet)
Seat 5: sofkon99 folded before Flop (didn't bet)
Seat 6: pipinoelbreve9 folded before Flop (didn't bet)



PokerStars Zoom Hand #257491193636:  Hold'em No Limit (€0.01/€0.02) - 2025/08/26 12:41:00 CET [2025/08/26 6:41:00 ET]
Table 'Arneb' 6-max Seat #1 is the button
Seat 1: SrLyrox (€3.32 in chips) 
Seat 2: p@ddysunn (€2.07 in chips) 
Seat 3: canokiller (€2.53 in chips) 
Seat 4: pipinoelbreve9 (€2 in chips) 
Seat 5: mikpepra (€1.74 in chips) 
Seat 6: XxSuperLopezxX (€2 in chips) 
p@ddysunn: posts small blind €0.01
canokiller: posts big blind €0.02
*** HOLE CARDS ***
Dealt to pipinoelbreve9 [Qh 6h]
pipinoelbreve9: folds 
mikpepra: folds 
XxSuperLopezxX: folds 
SrLyrox: folds 
p@ddysunn: folds 
Uncalled bet (€0.01) returned to canokiller
canokiller collected €0.02 from pot
canokiller: doesn't show hand 
*** SUMMARY ***
Total pot €0.02 | Rake €0 
Seat 1: SrLyrox (button) folded before Flop (didn't bet)
Seat 2: p@ddysunn (small blind) folded before Flop
Seat 3: canokiller (big blind) collected (€0.02)
Seat 4: pipinoelbreve9 folded before Flop (didn't bet)
Seat 5: mikpepra folded before Flop (didn't bet)
Seat 6: XxSuperLopezxX folded before Flop (didn't bet)



PokerStars Zoom Hand #257491193285:  Hold'em No Limit (€0.01/€0.02) - 2025/08/26 12:40:56 CET [2025/08/26 6:40:56 ET]
Table 'Arneb' 6-max Seat #1 is the button
Seat 1: pipinoelbreve9 (€2 in chips) 
Seat 2: Sudoki81 (€2.05 in chips) 
Seat 3: burgoa89 (€1.99 in chips) 
Seat 4: titigodi (€2.08 in chips) 
Seat 5: sintemblar (€3.03 in chips) 
Seat 6: simeonecdp89 (€3.63 in chips) 
Sudoki81: posts small blind €0.01
burgoa89: posts big blind €0.02
*** HOLE CARDS ***
Dealt to pipinoelbreve9 [Js 3h]
titigodi: folds 
sintemblar: raises €0.04 to €0.06
simeonecdp89: calls €0.06
pipinoelbreve9: folds 
Sudoki81: folds 
burgoa89: folds 
*** FLOP *** [3s 8c 4d]
sintemblar: checks 
simeonecdp89: checks 
*** TURN *** [3s 8c 4d] [8h]
sintemblar: checks 
simeonecdp89: checks 
*** RIVER *** [3s 8c 4d 8h] [Ac]
sintemblar: checks 
simeonecdp89: checks 
*** SHOW DOWN ***
sintemblar: shows [Kh Qd] (a pair of Eights)
simeonecdp89: shows [2c 2d] (two pair, Eights and Deuces)
simeonecdp89 collected €0.14 from pot
*** SUMMARY ***
Total pot €0.15 | Rake €0.01 
Board [3s 8c 4d 8h Ac]
Seat 1: pipinoelbreve9 (button) folded before Flop (didn't bet)
Seat 2: Sudoki81 (small blind) folded before Flop
Seat 3: burgoa89 (big blind) folded before Flop
Seat 4: titigodi folded before Flop (didn't bet)
Seat 5: sintemblar showed [Kh Qd] and lost with a pair of Eights
Seat 6: simeonecdp89 showed [2c 2d] and won (€0.14) with two pair, Eights and Deuces



PokerStars Zoom Hand #257491194508:  Hold'em No Limit (€0.01/€0.02) - 2025/08/26 12:41:09 CET [2025/08/26 6:41:09 ET]
Table 'Arneb' 6-max Seat #1 is the button
Seat 1: sintemblar (€2 in chips) 
Seat 2: pipinoelbreve9 (€2 in chips) 
Seat 3: Esttelaa (€1.31 in chips) 
Seat 4: MadameCruella (€2.37 in chips) 
Seat 5: ReyGuto (€1.30 in chips) 
Seat 6: Marya1956 (€2.61 in chips) 
pipinoelbreve9: posts small blind €0.01
Esttelaa: posts big blind €0.02
*** HOLE CARDS ***
Dealt to pipinoelbreve9 [9d Jh]
MadameCruella: raises €0.03 to €0.05
ReyGuto: folds 
Marya1956: folds 
sintemblar: folds 
pipinoelbreve9: folds 
Esttelaa: folds 
Uncalled bet (€0.03) returned to MadameCruella
MadameCruella collected €0.05 from pot
MadameCruella: doesn't show hand 
*** SUMMARY ***
Total pot €0.05 | Rake €0 
Seat 1: sintemblar (button) folded before Flop (didn't bet)
Seat 2: pipinoelbreve9 (small blind) folded before Flop
Seat 3: Esttelaa (big blind) folded before Flop
Seat 4: MadameCruella collected (€0.05)
Seat 5: ReyGuto folded before Flop (didn't bet)
Seat 6: Marya1956 folded before Flop (didn't bet)



PokerStars Zoom Hand #257491194060:  Hold'em No Limit (€0.01/€0.02) - 2025/08/26 12:41:04 CET [2025/08/26 6:41:04 ET]
Table 'Arneb' 6-max Seat #1 is the button
Seat 1: David el Santos (€3.95 in chips) 
Seat 2: burgoa89 (€2.08 in chips) 
Seat 3: sintemblar (€1.99 in chips) 
Seat 4: Sudoki81 (€2.04 in chips) 
Seat 5: coeurderoi10 (€1.21 in chips) 
Seat 6: pipinoelbreve9 (€2 in chips) 
burgoa89: posts small blind €0.01
sintemblar: posts big blind €0.02
*** HOLE CARDS ***
Dealt to pipinoelbreve9 [Tc 4h]
Sudoki81: raises €0.02 to €0.04
coeurderoi10: calls €0.04
pipinoelbreve9: folds 
David el Santos: raises €0.17 to €0.21
burgoa89: folds 
sintemblar: folds 
Sudoki81: folds 
coeurderoi10: calls €0.17
*** FLOP *** [As 4s Th]
coeurderoi10: checks 
David el Santos: bets €0.24
coeurderoi10: folds 
Uncalled bet (€0.24) returned to David el Santos
David el Santos collected €0.47 from pot
David el Santos: doesn't show hand 
*** SUMMARY ***
Total pot €0.49 | Rake €0.02 
Board [As 4s Th]
Seat 1: David el Santos (button) collected (€0.47)
Seat 2: burgoa89 (small blind) folded before Flop
Seat 3: sintemblar (big blind) folded before Flop
Seat 4: Sudoki81 folded before Flop
Seat 5: coeurderoi10 folded on the Flop
Seat 6: pipinoelbreve9 folded before Flop (didn't bet)



PokerStars Zoom Hand #257491191772:  Hold'em No Limit (€0.01/€0.02) - 2025/08/26 12:40:41 CET [2025/08/26 6:40:41 ET]
Table 'Arneb' 6-max Seat #1 is the button
Seat 1: gregoss054 (€2.09 in chips) 
Seat 2: pipinoelbreve9 (€2 in chips) 
Seat 3: capucine572 (€1.65 in chips) 
Seat 4: Sudoki81 (€2.05 in chips) 
Seat 5: AceFireBzH (€3.66 in chips) 
Seat 6: canokiller (€2.58 in chips) 
pipinoelbreve9: posts small blind €0.01
capucine572: posts big blind €0.02
*** HOLE CARDS ***
Dealt to pipinoelbreve9 [4d 5c]
Sudoki81: folds 
AceFireBzH: raises €0.03 to €0.05
canokiller: folds 
gregoss054: folds 
pipinoelbreve9: folds 
capucine572: calls €0.03
*** FLOP *** [9h 7s Js]
capucine572: checks 
AceFireBzH: checks 
*** TURN *** [9h 7s Js] [6h]
capucine572: checks 
AceFireBzH: checks 
*** RIVER *** [9h 7s Js 6h] [Jc]
capucine572: bets €0.02
AceFireBzH: calls €0.02
*** SHOW DOWN ***
capucine572: shows [6d Kh] (two pair, Jacks and Sixes)
AceFireBzH: mucks hand 
capucine572 collected €0.14 from pot
*** SUMMARY ***
Total pot €0.15 | Rake €0.01 
Board [9h 7s Js 6h Jc]
Seat 1: gregoss054 (button) folded before Flop (didn't bet)
Seat 2: pipinoelbreve9 (small blind) folded before Flop
Seat 3: capucine572 (big blind) showed [6d Kh] and won (€0.14) with two pair, Jacks and Sixes
Seat 4: Sudoki81 folded before Flop (didn't bet)
Seat 5: AceFireBzH mucked [Ac Kd]
Seat 6: canokiller folded before Flop (didn't bet)



PokerStars Zoom Hand #257491192457:  Hold'em No Limit (€0.01/€0.02) - 2025/08/26 12:40:48 CET [2025/08/26 6:40:48 ET]
Table 'Arneb' 6-max Seat #1 is the button
Seat 1: moreno111262 (€2.89 in chips) 
Seat 2: sofkon99 (€2.39 in chips) 
Seat 3: pipinoelbreve9 (€2 in chips) 
Seat 4: gregoss054 (€3.77 in chips) 
Seat 5: ecuinas (€3.06 in chips) 
Seat 6: sintemblar (€1.99 in chips) 
sofkon99: posts small blind €0.01
pipinoelbreve9: posts big blind €0.02
*** HOLE CARDS ***
Dealt to pipinoelbreve9 [9c 5h]
moreno111262 is disconnected 
gregoss054: raises €0.04 to €0.06
sofkon99 is disconnected 
ecuinas: folds 
sintemblar: folds 
moreno111262 has timed out while disconnected
moreno111262: folds 
sofkon99 has timed out while disconnected
sofkon99: folds 
pipinoelbreve9: folds 
Uncalled bet (€0.04) returned to gregoss054
gregoss054 collected €0.05 from pot
gregoss054: doesn't show hand 
*** SUMMARY ***
Total pot €0.05 | Rake €0 
Seat 1: moreno111262 (button) folded before Flop (didn't bet)
Seat 2: sofkon99 (small blind) folded before Flop
Seat 3: pipinoelbreve9 (big blind) folded before Flop
Seat 4: gregoss054 collected (€0.05)
Seat 5: ecuinas folded before Flop (didn't bet)
Seat 6: sintemblar folded before Flop (didn't bet)



PokerStars Zoom Hand #257491195129:  Hold'em No Limit (€0.01/€0.02) - 2025/08/26 12:41:15 CET [2025/08/26 6:41:15 ET]
Table 'Arneb' 6-max Seat #1 is the button
Seat 1: Sudoki81 (€2 in chips) 
Seat 2: ReyGuto (€1.30 in chips) 
Seat 3: QUIB76 (€0.79 in chips) 
Seat 4: burgoa89 (€2.04 in chips) 
Seat 5: CondeVnCount (€2.01 in chips) 
Seat 6: pipinoelbreve9 (€2 in chips) 
ReyGuto: posts small blind €0.01
QUIB76: posts big blind €0.02
*** HOLE CARDS ***
Dealt to pipinoelbreve9 [Ah 6s]
burgoa89: folds 
CondeVnCount: folds 
pipinoelbreve9: folds 
Sudoki81: raises €0.05 to €0.07
ReyGuto: folds 
QUIB76: folds 
Uncalled bet (€0.05) returned to Sudoki81
Sudoki81 collected €0.05 from pot
Sudoki81: doesn't show hand 
*** SUMMARY ***
Total pot €0.05 | Rake €0 
Seat 1: Sudoki81 (button) collected (€0.05)
Seat 2: ReyGuto (small blind) folded before Flop
Seat 3: QUIB76 (big blind) folded before Flop
Seat 4: burgoa89 folded before Flop (didn't bet)
Seat 5: CondeVnCount folded before Flop (didn't bet)
Seat 6: pipinoelbreve9 folded before Flop (didn't bet)



PokerStars Zoom Hand #257491195635:  Hold'em No Limit (€0.01/€0.02) - 2025/08/26 12:41:20 CET [2025/08/26 6:41:20 ET]
Table 'Arneb' 6-max Seat #1 is the button
Seat 1: MadameCruella (€2.40 in chips) 
Seat 2: richdog2560 (€2.85 in chips) 
Seat 3: pipinoelbreve9 (€2 in chips) 
Seat 4: p@ddysunn (€3.89 in chips) 
Seat 5: orosa (€2.12 in chips) 
Seat 6: burgoa89 (€2.07 in chips) 
richdog2560: posts small blind €0.01
pipinoelbreve9: posts big blind €0.02
*** HOLE CARDS ***
Dealt to pipinoelbreve9 [Kc Kd]
p@ddysunn: folds 
orosa: folds 
burgoa89: folds 
MadameCruella: folds 
richdog2560: raises €0.04 to €0.06
pipinoelbreve9: raises €0.14 to €0.20
richdog2560: folds 
Uncalled bet (€0.14) returned to pipinoelbreve9
pipinoelbreve9 collected €0.12 from pot
pipinoelbreve9: doesn't show hand 
*** SUMMARY ***
Total pot €0.12 | Rake €0 
Seat 1: MadameCruella (button) folded before Flop (didn't bet)
Seat 2: richdog2560 (small blind) folded before Flop
Seat 3: pipinoelbreve9 (big blind) collected (€0.12)
Seat 4: p@ddysunn folded before Flop (didn't bet)
Seat 5: orosa folded before Flop (didn't bet)
Seat 6: burgoa89 folded before Flop (didn't bet)



PokerStars Zoom Hand #257491197544:  Hold'em No Limit (€0.01/€0.02) - 2025/08/26 12:41:39 CET [2025/08/26 6:41:39 ET]
Table 'Arneb' 6-max Seat #1 is the button
Seat 1: burgoa89 (€2.05 in chips) 
Seat 2: 77samuel33 (€2.09 in chips) 
Seat 3: Sudoki81 (€2.03 in chips) 
Seat 4: CondeVnCount (€2 in chips) 
Seat 5: pipinoelbreve9 (€2.06 in chips) 
Seat 6: AceFireBzH (€3.58 in chips) 
77samuel33: posts small blind €0.01
Sudoki81: posts big blind €0.02
*** HOLE CARDS ***
Dealt to pipinoelbreve9 [9c 8s]
CondeVnCount: folds 
pipinoelbreve9: folds 
AceFireBzH: folds 
burgoa89: raises €0.04 to €0.06
77samuel33: raises €0.18 to €0.24
Sudoki81: folds 
burgoa89: folds 
Uncalled bet (€0.18) returned to 77samuel33
77samuel33 collected €0.14 from pot
77samuel33: doesn't show hand 
*** SUMMARY ***
Total pot €0.14 | Rake €0 
Seat 1: burgoa89 (button) folded before Flop
Seat 2: 77samuel33 (small blind) collected (€0.14)
Seat 3: Sudoki81 (big blind) folded before Flop
Seat 4: CondeVnCount folded before Flop (didn't bet)
Seat 5: pipinoelbreve9 folded before Flop (didn't bet)
Seat 6: AceFireBzH folded before Flop (didn't bet)



PokerStars Zoom Hand #257491198006:  Hold'em No Limit (€0.01/€0.02) - 2025/08/26 12:41:44 CET [2025/08/26 6:41:44 ET]
Table 'Arneb' 6-max Seat #1 is the button
Seat 1: CondeVnCount (€2 in chips) 
Seat 2: orosa (€2.50 in chips) 
Seat 3: ReyGuto (€0.74 in chips) 
Seat 4: pipinoelbreve9 (€2.06 in chips) 
Seat 5: basurdia (€3.49 in chips) 
Seat 6: Esttelaa (€1.14 in chips) 
orosa: posts small blind €0.01
ReyGuto: posts big blind €0.02
*** HOLE CARDS ***
Dealt to pipinoelbreve9 [Ah Ac]
pipinoelbreve9: raises €0.04 to €0.06
basurdia: folds 
Esttelaa: calls €0.06
CondeVnCount: folds 
orosa: folds 
ReyGuto: folds 
*** FLOP *** [2h Jh Js]
pipinoelbreve9: checks 
Esttelaa: bets €0.02
pipinoelbreve9: calls €0.02
*** TURN *** [2h Jh Js] [8c]
pipinoelbreve9: checks 
Esttelaa: bets €0.02
pipinoelbreve9: raises €0.11 to €0.13
Esttelaa: calls €0.11
*** RIVER *** [2h Jh Js 8c] [Jd]
pipinoelbreve9: bets €0.93
Esttelaa: calls €0.93 and is all-in
*** SHOW DOWN ***
pipinoelbreve9: shows [Ah Ac] (a full house, Jacks full of Aces)
Esttelaa: shows [Qc Qh] (a full house, Jacks full of Queens)
pipinoelbreve9 collected €2.19 from pot
*** SUMMARY ***
Total pot €2.31 | Rake €0.12 
Board [2h Jh Js 8c Jd]
Seat 1: CondeVnCount (button) folded before Flop (didn't bet)
Seat 2: orosa (small blind) folded before Flop
Seat 3: ReyGuto (big blind) folded before Flop
Seat 4: pipinoelbreve9 showed [Ah Ac] and won (€2.19) with a full house, Jacks full of Aces
Seat 5: basurdia folded before Flop (didn't bet)
Seat 6: Esttelaa showed [Qc Qh] and lost with a full house, Jacks full of Queens



PokerStars Zoom Hand #257491202247:  Hold'em No Limit (€0.01/€0.02) - 2025/08/26 12:42:25 CET [2025/08/26 6:42:25 ET]
Table 'Arneb' 6-max Seat #1 is the button
Seat 1: CondeVnCount (€2 in chips) 
Seat 2: AceFireBzH (€3.56 in chips) 
Seat 3: nukilla888 (€0.97 in chips) 
Seat 4: gelotes (€2.97 in chips) 
Seat 5: pipinoelbreve9 (€3.11 in chips) 
Seat 6: ARomao10 (€2.04 in chips) 
AceFireBzH: posts small blind €0.01
nukilla888: posts big blind €0.02
*** HOLE CARDS ***
Dealt to pipinoelbreve9 [Jd Ts]
gelotes: calls €0.02
pipinoelbreve9: folds 
ARomao10: folds 
CondeVnCount: folds 
AceFireBzH: calls €0.01
nukilla888: raises €0.20 to €0.22
gelotes: calls €0.20
AceFireBzH: folds 
*** FLOP *** [3h 7c 9d]
nukilla888: bets €0.75 and is all-in
gelotes: calls €0.75
*** TURN *** [3h 7c 9d] [6c]
*** RIVER *** [3h 7c 9d 6c] [2h]
*** SHOW DOWN ***
nukilla888: shows [Ah Ad] (a pair of Aces)
gelotes: shows [Tc As] (high card Ace)
nukilla888 collected €1.86 from pot
*** SUMMARY ***
Total pot €1.96 | Rake €0.10 
Board [3h 7c 9d 6c 2h]
Seat 1: CondeVnCount (button) folded before Flop (didn't bet)
Seat 2: AceFireBzH (small blind) folded before Flop
Seat 3: nukilla888 (big blind) showed [Ah Ad] and won (€1.86) with a pair of Aces
Seat 4: gelotes showed [Tc As] and lost with high card Ace
Seat 5: pipinoelbreve9 folded before Flop (didn't bet)
Seat 6: ARomao10 folded before Flop (didn't bet)



PokerStars Zoom Hand #257491202813:  Hold'em No Limit (€0.01/€0.02) - 2025/08/26 12:42:31 CET [2025/08/26 6:42:31 ET]
Table 'Arneb' 6-max Seat #1 is the button
Seat 1: basurdia (€2.22 in chips) 
Seat 2: pipinoelbreve9 (€3.11 in chips) 
Seat 3: p@ddysunn (€1.99 in chips) 
Seat 4: Marya1956 (€2.04 in chips) 
Seat 5: ecuinas (€2.46 in chips) 
Seat 6: richdog2560 (€2.82 in chips) 
pipinoelbreve9: posts small blind €0.01
p@ddysunn: posts big blind €0.02
*** HOLE CARDS ***
Dealt to pipinoelbreve9 [Qh 9h]
Marya1956: folds 
ecuinas: folds 
richdog2560: raises €0.03 to €0.05
basurdia: folds 
pipinoelbreve9: calls €0.04
p@ddysunn: calls €0.03
*** FLOP *** [9d Ad 3d]
pipinoelbreve9: checks 
p@ddysunn: checks 
richdog2560: checks 
*** TURN *** [9d Ad 3d] [Js]
pipinoelbreve9: checks 
p@ddysunn: checks 
richdog2560: checks 
*** RIVER *** [9d Ad 3d Js] [2d]
pipinoelbreve9: bets €0.07
p@ddysunn: folds 
richdog2560: folds 
Uncalled bet (€0.07) returned to pipinoelbreve9
pipinoelbreve9 collected €0.14 from pot
pipinoelbreve9: doesn't show hand 
*** SUMMARY ***
Total pot €0.15 | Rake €0.01 
Board [9d Ad 3d Js 2d]
Seat 1: basurdia (button) folded before Flop (didn't bet)
Seat 2: pipinoelbreve9 (small blind) collected (€0.14)
Seat 3: p@ddysunn (big blind) folded on the River
Seat 4: Marya1956 folded before Flop (didn't bet)
Seat 5: ecuinas folded before Flop (didn't bet)
Seat 6: richdog2560 folded on the River



PokerStars Zoom Hand #257491207898:  Hold'em No Limit (€0.01/€0.02) - 2025/08/26 12:43:22 CET [2025/08/26 6:43:22 ET]
Table 'Arneb' 6-max Seat #1 is the button
Seat 1: Sudoki81 (€2.06 in chips) 
Seat 2: loloval86300 (€0.60 in chips) 
Seat 3: pipinoelbreve9 (€3.20 in chips) 
Seat 4: XxSuperLopezxX (€2.39 in chips) 
Seat 5: CondeVnCount (€2.25 in chips) 
Seat 6: ReyGuto (€0.85 in chips) 
loloval86300: posts small blind €0.01
pipinoelbreve9: posts big blind €0.02
*** HOLE CARDS ***
Dealt to pipinoelbreve9 [2s 8h]
XxSuperLopezxX: folds 
CondeVnCount: folds 
ReyGuto: folds 
Sudoki81: folds 
loloval86300: raises €0.04 to €0.06
pipinoelbreve9: folds 
Uncalled bet (€0.04) returned to loloval86300
loloval86300 collected €0.04 from pot
loloval86300: doesn't show hand 
*** SUMMARY ***
Total pot €0.04 | Rake €0 
Seat 1: Sudoki81 (button) folded before Flop (didn't bet)
Seat 2: loloval86300 (small blind) collected (€0.04)
Seat 3: pipinoelbreve9 (big blind) folded before Flop
Seat 4: XxSuperLopezxX folded before Flop (didn't bet)
Seat 5: CondeVnCount folded before Flop (didn't bet)
Seat 6: ReyGuto folded before Flop (didn't bet)



PokerStars Zoom Hand #257491207543:  Hold'em No Limit (€0.01/€0.02) - 2025/08/26 12:43:18 CET [2025/08/26 6:43:18 ET]
Table 'Arneb' 6-max Seat #1 is the button
Seat 1: pipinoelbreve9 (€3.20 in chips) 
Seat 2: ranchim (€1.51 in chips) 
Seat 3: gelotes (€1.99 in chips) 
Seat 4: ecuinas (€2.43 in chips) 
Seat 5: basurdia (€2.01 in chips) 
Seat 6: orosa (€2.14 in chips) 
ranchim: posts small blind €0.01
gelotes: posts big blind €0.02
*** HOLE CARDS ***
Dealt to pipinoelbreve9 [7c Td]
ecuinas: folds 
basurdia: raises €0.04 to €0.06
orosa: folds 
pipinoelbreve9: folds 
ranchim: folds 
gelotes: folds 
Uncalled bet (€0.04) returned to basurdia
basurdia collected €0.05 from pot
basurdia: doesn't show hand 
*** SUMMARY ***
Total pot €0.05 | Rake €0 
Seat 1: pipinoelbreve9 (button) folded before Flop (didn't bet)
Seat 2: ranchim (small blind) folded before Flop
Seat 3: gelotes (big blind) folded before Flop
Seat 4: ecuinas folded before Flop (didn't bet)
Seat 5: basurdia collected (€0.05)
Seat 6: orosa folded before Flop (didn't bet)



PokerStars Zoom Hand #257491209060:  Hold'em No Limit (€0.01/€0.02) - 2025/08/26 12:43:34 CET [2025/08/26 6:43:34 ET]
Table 'Arneb' 6-max Seat #1 is the button
Seat 1: gregoss054 (€2.46 in chips) 
Seat 2: frtuber (€2 in chips) 
Seat 3: 77samuel33 (€2.24 in chips) 
Seat 4: pipinoelbreve9 (€3.18 in chips) 
Seat 5: AceFireBzH (€3.52 in chips) 
Seat 6: ranchim (€1.50 in chips) 
frtuber: posts small blind €0.01
77samuel33: posts big blind €0.02
*** HOLE CARDS ***
Dealt to pipinoelbreve9 [5d 5h]
pipinoelbreve9: raises €0.04 to €0.06
AceFireBzH: folds 
ranchim: folds 
gregoss054: folds 
frtuber: folds 
77samuel33: calls €0.04
*** FLOP *** [Kd 3h 6d]
77samuel33: checks 
pipinoelbreve9: bets €0.04
77samuel33: calls €0.04
*** TURN *** [Kd 3h 6d] [5s]
77samuel33: checks 
pipinoelbreve9: bets €0.10
77samuel33: calls €0.10
*** RIVER *** [Kd 3h 6d 5s] [2d]
77samuel33: checks 
pipinoelbreve9: bets €2.98 and is all-in
77samuel33: folds 
Uncalled bet (€2.98) returned to pipinoelbreve9
pipinoelbreve9 collected €0.39 from pot
pipinoelbreve9: doesn't show hand 
*** SUMMARY ***
Total pot €0.41 | Rake €0.02 
Board [Kd 3h 6d 5s 2d]
Seat 1: gregoss054 (button) folded before Flop (didn't bet)
Seat 2: frtuber (small blind) folded before Flop
Seat 3: 77samuel33 (big blind) folded on the River
Seat 4: pipinoelbreve9 collected (€0.39)
Seat 5: AceFireBzH folded before Flop (didn't bet)
Seat 6: ranchim folded before Flop (didn't bet)



PokerStars Zoom Hand #257491215170:  Hold'em No Limit (€0.01/€0.02) - 2025/08/26 12:44:34 CET [2025/08/26 6:44:34 ET]
Table 'Arneb' 6-max Seat #1 is the button
Seat 1: pipinoelbreve9 (€3.37 in chips) 
Seat 2: damastodas (€8.64 in chips) 
Seat 3: gregoss054 (€2.43 in chips) 
Seat 4: frtuber (€2.20 in chips) 
Seat 5: Sudoki81 (€2.04 in chips) 
Seat 6: XxSuperLopezxX (€3.54 in chips) 
damastodas: posts small blind €0.01
gregoss054: posts big blind €0.02
*** HOLE CARDS ***
Dealt to pipinoelbreve9 [9s 6s]
frtuber: folds 
Sudoki81: folds 
XxSuperLopezxX: folds 
pipinoelbreve9: raises €0.04 to €0.06
damastodas: folds 
gregoss054: calls €0.04
*** FLOP *** [7c 9c Qs]
gregoss054: checks 
pipinoelbreve9: bets €0.06
gregoss054: folds 
Uncalled bet (€0.06) returned to pipinoelbreve9
pipinoelbreve9 collected €0.12 from pot
pipinoelbreve9: doesn't show hand 
*** SUMMARY ***
Total pot €0.13 | Rake €0.01 
Board [7c 9c Qs]
Seat 1: pipinoelbreve9 (button) collected (€0.12)
Seat 2: damastodas (small blind) folded before Flop
Seat 3: gregoss054 (big blind) folded on the Flop
Seat 4: frtuber folded before Flop (didn't bet)
Seat 5: Sudoki81 folded before Flop (didn't bet)
Seat 6: XxSuperLopezxX folded before Flop (didn't bet)



PokerStars Zoom Hand #257491217244:  Hold'em No Limit (€0.01/€0.02) - 2025/08/26 12:44:55 CET [2025/08/26 6:44:55 ET]
Table 'Arneb' 6-max Seat #1 is the button
Seat 1: loloval86300 (€0.58 in chips) 
Seat 2: mikpepra (€1.73 in chips) 
Seat 3: ReyGuto (€0.86 in chips) 
Seat 4: grenha1972 (€2.54 in chips) 
Seat 5: basurdia (€2.69 in chips) 
Seat 6: pipinoelbreve9 (€3.43 in chips) 
mikpepra: posts small blind €0.01
ReyGuto: posts big blind €0.02
*** HOLE CARDS ***
Dealt to pipinoelbreve9 [4s 5c]
grenha1972: raises €0.02 to €0.04
basurdia: folds 
pipinoelbreve9: folds 
loloval86300: folds 
mikpepra: folds 
ReyGuto: folds 
Uncalled bet (€0.02) returned to grenha1972
grenha1972 collected €0.05 from pot
grenha1972: doesn't show hand 
*** SUMMARY ***
Total pot €0.05 | Rake €0 
Seat 1: loloval86300 (button) folded before Flop (didn't bet)
Seat 2: mikpepra (small blind) folded before Flop
Seat 3: ReyGuto (big blind) folded before Flop
Seat 4: grenha1972 collected (€0.05)
Seat 5: basurdia folded before Flop (didn't bet)
Seat 6: pipinoelbreve9 folded before Flop (didn't bet)



PokerStars Zoom Hand #257491217953:  Hold'em No Limit (€0.01/€0.02) - 2025/08/26 12:45:01 CET [2025/08/26 6:45:01 ET]
Table 'Arneb' 6-max Seat #1 is the button
Seat 1: ReyGuto (€1.59 in chips) 
Seat 2: pipinoelbreve9 (€3.43 in chips) 
Seat 3: 13ROS13 (€2 in chips) 
Seat 4: Sudoki81 (€2.16 in chips) 
Seat 5: BIRISNORTE23 (€2 in chips) 
Seat 6: frtuber (€2.17 in chips) 
pipinoelbreve9: posts small blind €0.01
13ROS13: posts big blind €0.02
*** HOLE CARDS ***
Dealt to pipinoelbreve9 [9s Kd]
Sudoki81: folds 
BIRISNORTE23: folds 
frtuber: folds 
ReyGuto: raises €0.04 to €0.06
pipinoelbreve9: folds 
13ROS13: folds 
Uncalled bet (€0.04) returned to ReyGuto
ReyGuto collected €0.05 from pot
ReyGuto: doesn't show hand 
*** SUMMARY ***
Total pot €0.05 | Rake €0 
Seat 1: ReyGuto (button) collected (€0.05)
Seat 2: pipinoelbreve9 (small blind) folded before Flop
Seat 3: 13ROS13 (big blind) folded before Flop
Seat 4: Sudoki81 folded before Flop (didn't bet)
Seat 5: BIRISNORTE23 folded before Flop (didn't bet)
Seat 6: frtuber folded before Flop (didn't bet)



PokerStars Zoom Hand #257491218783:  Hold'em No Limit (€0.01/€0.02) - 2025/08/26 12:45:09 CET [2025/08/26 6:45:09 ET]
Table 'Arneb' 6-max Seat #1 is the button
Seat 1: Marya1956 (€2 in chips) 
Seat 2: Merlaes3730 (€0.96 in chips) 
Seat 3: ledecrypteur (€2.13 in chips) 
Seat 4: pipinoelbreve9 (€3.42 in chips) 
Seat 5: gregoss054 (€2.36 in chips) 
Seat 6: Sudoki81 (€2 in chips) 
Merlaes3730: posts small blind €0.01
ledecrypteur: posts big blind €0.02
*** HOLE CARDS ***
Dealt to pipinoelbreve9 [Qc Qs]
pipinoelbreve9: raises €0.04 to €0.06
gregoss054: folds 
Sudoki81: folds 
Marya1956: folds 
Merlaes3730: folds 
ledecrypteur: folds 
Uncalled bet (€0.04) returned to pipinoelbreve9
pipinoelbreve9 collected €0.05 from pot
pipinoelbreve9: doesn't show hand 
*** SUMMARY ***
Total pot €0.05 | Rake €0 
Seat 1: Marya1956 (button) folded before Flop (didn't bet)
Seat 2: Merlaes3730 (small blind) folded before Flop
Seat 3: ledecrypteur (big blind) folded before Flop
Seat 4: pipinoelbreve9 collected (€0.05)
Seat 5: gregoss054 folded before Flop (didn't bet)
Seat 6: Sudoki81 folded before Flop (didn't bet)



PokerStars Zoom Hand #257491220030:  Hold'em No Limit (€0.01/€0.02) - 2025/08/26 12:45:22 CET [2025/08/26 6:45:22 ET]
Table 'Arneb' 6-max Seat #1 is the button
Seat 1: BIRISNORTE23 (€1.97 in chips) 
Seat 2: 13ROS13 (€2 in chips) 
Seat 3: pipinoelbreve9 (€3.45 in chips) 
Seat 4: orosa (€2.11 in chips) 
Seat 5: AceFireBzH (€3.54 in chips) 
Seat 6: burgoa89 (€2.01 in chips) 
13ROS13: posts small blind €0.01
pipinoelbreve9: posts big blind €0.02
*** HOLE CARDS ***
Dealt to pipinoelbreve9 [Kd 2s]
orosa: folds 
AceFireBzH: folds 
burgoa89: folds 
BIRISNORTE23: folds 
13ROS13: folds 
Uncalled bet (€0.01) returned to pipinoelbreve9
pipinoelbreve9 collected €0.02 from pot
pipinoelbreve9: doesn't show hand 
*** SUMMARY ***
Total pot €0.02 | Rake €0 
Seat 1: BIRISNORTE23 (button) folded before Flop (didn't bet)
Seat 2: 13ROS13 (small blind) folded before Flop
Seat 3: pipinoelbreve9 (big blind) collected (€0.02)
Seat 4: orosa folded before Flop (didn't bet)
Seat 5: AceFireBzH folded before Flop (didn't bet)
Seat 6: burgoa89 folded before Flop (didn't bet)



PokerStars Zoom Hand #257491221259:  Hold'em No Limit (€0.01/€0.02) - 2025/08/26 12:45:35 CET [2025/08/26 6:45:35 ET]
Table 'Arneb' 6-max Seat #1 is the button
Seat 1: burgoa89 (€2.02 in chips) 
Seat 2: basurdia (€3.18 in chips) 
Seat 3: ReyGuto (€1.62 in chips) 
Seat 4: ecuinas (€2.62 in chips) 
Seat 5: pipinoelbreve9 (€3.46 in chips) 
Seat 6: orosa (€2.01 in chips) 
basurdia: posts small blind €0.01
ReyGuto: posts big blind €0.02
*** HOLE CARDS ***
Dealt to pipinoelbreve9 [Qh Jh]
ecuinas: folds 
pipinoelbreve9: raises €0.04 to €0.06
orosa: folds 
burgoa89: folds 
basurdia: folds 
ReyGuto: folds 
Uncalled bet (€0.04) returned to pipinoelbreve9
pipinoelbreve9 collected €0.05 from pot
pipinoelbreve9: doesn't show hand 
*** SUMMARY ***
Total pot €0.05 | Rake €0 
Seat 1: burgoa89 (button) folded before Flop (didn't bet)
Seat 2: basurdia (small blind) folded before Flop
Seat 3: ReyGuto (big blind) folded before Flop
Seat 4: ecuinas folded before Flop (didn't bet)
Seat 5: pipinoelbreve9 collected (€0.05)
Seat 6: orosa folded before Flop (didn't bet)



PokerStars Zoom Hand #257491221012:  Hold'em No Limit (€0.01/€0.02) - 2025/08/26 12:45:32 CET [2025/08/26 6:45:32 ET]
Table 'Arneb' 6-max Seat #1 is the button
Seat 1: pipinoelbreve9 (€3.46 in chips) 
Seat 2: Marya1956 (€3.99 in chips) 
Seat 3: CondeVnCount (€2 in chips) 
Seat 4: sintemblar (€2.11 in chips) 
Seat 5: frtuber (€2.10 in chips) 
Seat 6: BIRISNORTE23 (€1.97 in chips) 
Marya1956: posts small blind €0.01
CondeVnCount: posts big blind €0.02
*** HOLE CARDS ***
Dealt to pipinoelbreve9 [9c 4c]
sintemblar: folds 
frtuber: folds 
BIRISNORTE23: raises €0.02 to €0.04
pipinoelbreve9: folds 
Marya1956: folds 
CondeVnCount: calls €0.02
*** FLOP *** [7h 9d 5h]
CondeVnCount: checks 
BIRISNORTE23: checks 
*** TURN *** [7h 9d 5h] [2h]
CondeVnCount: checks 
BIRISNORTE23: bets €0.04
CondeVnCount: calls €0.04
*** RIVER *** [7h 9d 5h 2h] [4h]
CondeVnCount: checks 
BIRISNORTE23: bets €0.14
CondeVnCount: calls €0.14
*** SHOW DOWN ***
BIRISNORTE23: shows [Js Qd] (high card Queen)
CondeVnCount: shows [8h 8d] (a flush, Eight high)
CondeVnCount collected €0.43 from pot
*** SUMMARY ***
Total pot €0.45 | Rake €0.02 
Board [7h 9d 5h 2h 4h]
Seat 1: pipinoelbreve9 (button) folded before Flop (didn't bet)
Seat 2: Marya1956 (small blind) folded before Flop
Seat 3: CondeVnCount (big blind) showed [8h 8d] and won (€0.43) with a flush, Eight high
Seat 4: sintemblar folded before Flop (didn't bet)
Seat 5: frtuber folded before Flop (didn't bet)
Seat 6: BIRISNORTE23 showed [Js Qd] and lost with high card Queen



PokerStars Zoom Hand #257491222193:  Hold'em No Limit (€0.01/€0.02) - 2025/08/26 12:45:45 CET [2025/08/26 6:45:45 ET]
Table 'Arneb' 6-max Seat #1 is the button
Seat 1: ARomao10 (€3.72 in chips) 
Seat 2: Abrelatas787 (€1.50 in chips) 
Seat 3: CondeVnCount (€2 in chips) 
Seat 4: gregoss054 (€2.33 in chips) 
Seat 5: sintemblar (€2.11 in chips) 
Seat 6: pipinoelbreve9 (€3.49 in chips) 
Abrelatas787: posts small blind €0.01
CondeVnCount: posts big blind €0.02
*** HOLE CARDS ***
Dealt to pipinoelbreve9 [9d Ah]
gregoss054: raises €0.04 to €0.06
sintemblar: folds 
pipinoelbreve9: folds 
ARomao10: folds 
Abrelatas787: folds 
CondeVnCount: calls €0.04
*** FLOP *** [6s Tc 9s]
CondeVnCount: checks 
gregoss054: bets €0.06
CondeVnCount: folds 
Uncalled bet (€0.06) returned to gregoss054
gregoss054 collected €0.12 from pot
gregoss054: doesn't show hand 
*** SUMMARY ***
Total pot €0.13 | Rake €0.01 
Board [6s Tc 9s]
Seat 1: ARomao10 (button) folded before Flop (didn't bet)
Seat 2: Abrelatas787 (small blind) folded before Flop
Seat 3: CondeVnCount (big blind) folded on the Flop
Seat 4: gregoss054 collected (€0.12)
Seat 5: sintemblar folded before Flop (didn't bet)
Seat 6: pipinoelbreve9 folded before Flop (didn't bet)



PokerStars Zoom Hand #257491223368:  Hold'em No Limit (€0.01/€0.02) - 2025/08/26 12:45:56 CET [2025/08/26 6:45:56 ET]
Table 'Arneb' 6-max Seat #1 is the button
Seat 1: 77samuel33 (€2.01 in chips) 
Seat 2: XxSuperLopezxX (€2.42 in chips) 
Seat 3: Sudoki81 (€2.73 in chips) 
Seat 4: juanlu2000china (€1.37 in chips) 
Seat 5: pipinoelbreve9 (€3.49 in chips) 
Seat 6: sintemblar (€2.04 in chips) 
XxSuperLopezxX: posts small blind €0.01
Sudoki81: posts big blind €0.02
*** HOLE CARDS ***
Dealt to pipinoelbreve9 [5d 4c]
juanlu2000china: calls €0.02
pipinoelbreve9: folds 
sintemblar: folds 
77samuel33: raises €0.06 to €0.08
XxSuperLopezxX: folds 
Sudoki81: folds 
juanlu2000china: raises €1.29 to €1.37 and is all-in
77samuel33: folds 
Uncalled bet (€1.29) returned to juanlu2000china
juanlu2000china collected €0.19 from pot
juanlu2000china: doesn't show hand 
*** SUMMARY ***
Total pot €0.19 | Rake €0 
Seat 1: 77samuel33 (button) folded before Flop
Seat 2: XxSuperLopezxX (small blind) folded before Flop
Seat 3: Sudoki81 (big blind) folded before Flop
Seat 4: juanlu2000china collected (€0.19)
Seat 5: pipinoelbreve9 folded before Flop (didn't bet)
Seat 6: sintemblar folded before Flop (didn't bet)



PokerStars Zoom Hand #257491223753:  Hold'em No Limit (€0.01/€0.02) - 2025/08/26 12:46:00 CET [2025/08/26 6:46:00 ET]
Table 'Arneb' 6-max Seat #1 is the button
Seat 1: canokiller (€2.72 in chips) 
Seat 2: pipinoelbreve9 (€3.49 in chips) 
Seat 3: Roixo1 (€2.10 in chips) 
Seat 4: AceFireBzH (€3.49 in chips) 
Seat 5: orosa (€2.57 in chips) 
Seat 6: dande62 (€3.30 in chips) 
pipinoelbreve9: posts small blind €0.01
Roixo1: posts big blind €0.02
*** HOLE CARDS ***
Dealt to pipinoelbreve9 [Kd As]
AceFireBzH: folds 
orosa: folds 
dande62: folds 
canokiller: folds 
pipinoelbreve9: raises €0.04 to €0.06
Roixo1: calls €0.04
*** FLOP *** [8s Ac Kc]
pipinoelbreve9: bets €0.02
Roixo1: raises €0.08 to €0.10
pipinoelbreve9: raises €0.10 to €0.20
Roixo1: folds 
Uncalled bet (€0.10) returned to pipinoelbreve9
pipinoelbreve9 collected €0.30 from pot
pipinoelbreve9: doesn't show hand 
*** SUMMARY ***
Total pot €0.32 | Rake €0.02 
Board [8s Ac Kc]
Seat 1: canokiller (button) folded before Flop (didn't bet)
Seat 2: pipinoelbreve9 (small blind) collected (€0.30)
Seat 3: Roixo1 (big blind) folded on the Flop
Seat 4: AceFireBzH folded before Flop (didn't bet)
Seat 5: orosa folded before Flop (didn't bet)
Seat 6: dande62 folded before Flop (didn't bet)



PokerStars Zoom Hand #257491227856:  Hold'em No Limit (€0.01/€0.02) - 2025/08/26 12:46:41 CET [2025/08/26 6:46:41 ET]
Table 'Arneb' 6-max Seat #1 is the button
Seat 1: pipinoelbreve9 (€3.63 in chips) 
Seat 2: CondeVnCount (€2.01 in chips) 
Seat 3: ReyGuto (€1.61 in chips) 
Seat 4: basurdia (€3.20 in chips) 
Seat 5: richdog2560 (€2.87 in chips) 
Seat 6: timaria74 (€1.52 in chips) 
CondeVnCount: posts small blind €0.01
ReyGuto: posts big blind €0.02
*** HOLE CARDS ***
Dealt to pipinoelbreve9 [3d 2s]
basurdia: folds 
richdog2560: folds 
timaria74: folds 
pipinoelbreve9: folds 
CondeVnCount: raises €0.04 to €0.06
ReyGuto: folds 
Uncalled bet (€0.04) returned to CondeVnCount
CondeVnCount collected €0.04 from pot
CondeVnCount: doesn't show hand 
*** SUMMARY ***
Total pot €0.04 | Rake €0 
Seat 1: pipinoelbreve9 (button) folded before Flop (didn't bet)
Seat 2: CondeVnCount (small blind) collected (€0.04)
Seat 3: ReyGuto (big blind) folded before Flop
Seat 4: basurdia folded before Flop (didn't bet)
Seat 5: richdog2560 folded before Flop (didn't bet)
Seat 6: timaria74 folded before Flop (didn't bet)



PokerStars Zoom Hand #257492417259:  Hold'em No Limit (€0.01/€0.02) - 2025/08/26 15:34:59 CET [2025/08/26 9:34:59 ET]
Table 'Arneb' 6-max Seat #1 is the button
Seat 1: NEMOXYX (€2.21 in chips) 
Seat 2: manolo1953 (€1.68 in chips) 
Seat 3: pipinoelbreve9 (€2 in chips) 
Seat 4: Boltergaze (€2.58 in chips) 
Seat 5: kombei63 (€0.68 in chips) 
Seat 6: gomera30 (€2.31 in chips) 
manolo1953: posts small blind €0.01
pipinoelbreve9: posts big blind €0.02
*** HOLE CARDS ***
Dealt to pipinoelbreve9 [9d Th]
Boltergaze: folds 
kombei63: folds 
gomera30: folds 
NEMOXYX: folds 
manolo1953: folds 
Uncalled bet (€0.01) returned to pipinoelbreve9
pipinoelbreve9 collected €0.02 from pot
pipinoelbreve9: doesn't show hand 
*** SUMMARY ***
Total pot €0.02 | Rake €0 
Seat 1: NEMOXYX (button) folded before Flop (didn't bet)
Seat 2: manolo1953 (small blind) folded before Flop
Seat 3: pipinoelbreve9 (big blind) collected (€0.02)
Seat 4: Boltergaze folded before Flop (didn't bet)
Seat 5: kombei63 folded before Flop (didn't bet)
Seat 6: gomera30 folded before Flop (didn't bet)



PokerStars Zoom Hand #257492419589:  Hold'em No Limit (€0.01/€0.02) - 2025/08/26 15:35:15 CET [2025/08/26 9:35:15 ET]
Table 'Arneb' 6-max Seat #1 is the button
Seat 1: NEMOXYX (€2 in chips) 
Seat 2: pipinoelbreve9 (€2.01 in chips) 
Seat 3: Marya1956 (€2.69 in chips) 
Seat 4: TJDasNeves (€2.06 in chips) 
Seat 5: proust50 (€3.19 in chips) 
Seat 6: Luchinhoo. (€1.55 in chips) 
pipinoelbreve9: posts small blind €0.01
Marya1956: posts big blind €0.02
*** HOLE CARDS ***
Dealt to pipinoelbreve9 [Td 6h]
TJDasNeves: folds 
proust50: folds 
Luchinhoo.: folds 
NEMOXYX: raises €0.03 to €0.05
pipinoelbreve9: folds 
Marya1956: folds 
Uncalled bet (€0.03) returned to NEMOXYX
NEMOXYX collected €0.05 from pot
NEMOXYX: doesn't show hand 
*** SUMMARY ***
Total pot €0.05 | Rake €0 
Seat 1: NEMOXYX (button) collected (€0.05)
Seat 2: pipinoelbreve9 (small blind) folded before Flop
Seat 3: Marya1956 (big blind) folded before Flop
Seat 4: TJDasNeves folded before Flop (didn't bet)
Seat 5: proust50 folded before Flop (didn't bet)
Seat 6: Luchinhoo. folded before Flop (didn't bet)



PokerStars Zoom Hand #257492420905:  Hold'em No Limit (€0.01/€0.02) - 2025/08/26 15:35:24 CET [2025/08/26 9:35:24 ET]
Table 'Arneb' 6-max Seat #1 is the button
Seat 1: pipinoelbreve9 (€2 in chips) 
Seat 2: proust50 (€5.50 in chips) 
Seat 3: marcooliveira99 (€1.12 in chips) 
Seat 4: HarmoBlues (€0.61 in chips) 
Seat 5: burgoa89 (€1.94 in chips) 
Seat 6: TJDasNeves (€2.06 in chips) 
proust50: posts small blind €0.01
marcooliveira99: posts big blind €0.02
*** HOLE CARDS ***
Dealt to pipinoelbreve9 [Jd 2d]
HarmoBlues: folds 
burgoa89: folds 
TJDasNeves: folds 
pipinoelbreve9: raises €0.04 to €0.06
proust50: calls €0.05
marcooliveira99: folds 
*** FLOP *** [2h 4c Td]
proust50: checks 
pipinoelbreve9: bets €0.04
proust50: calls €0.04
*** TURN *** [2h 4c Td] [5c]
proust50: checks 
pipinoelbreve9: checks 
*** RIVER *** [2h 4c Td 5c] [Ad]
proust50: bets €0.11
pipinoelbreve9: folds 
Uncalled bet (€0.11) returned to proust50
proust50 collected €0.21 from pot
proust50: doesn't show hand 
*** SUMMARY ***
Total pot €0.22 | Rake €0.01 
Board [2h 4c Td 5c Ad]
Seat 1: pipinoelbreve9 (button) folded on the River
Seat 2: proust50 (small blind) collected (€0.21)
Seat 3: marcooliveira99 (big blind) folded before Flop
Seat 4: HarmoBlues folded before Flop (didn't bet)
Seat 5: burgoa89 folded before Flop (didn't bet)
Seat 6: TJDasNeves folded before Flop (didn't bet)



PokerStars Zoom Hand #257492427734:  Hold'em No Limit (€0.01/€0.02) - 2025/08/26 15:36:10 CET [2025/08/26 9:36:10 ET]
Table 'Arneb' 6-max Seat #1 is the button
Seat 1: johnmitchon (€2.08 in chips) 
Seat 2: NotClaudio1 (€0.50 in chips) 
Seat 3: Davidsancheez16 (€1 in chips) 
Seat 4: marcooliveira99 (€1.09 in chips) 
Seat 5: pipinoelbreve9 (€2 in chips) 
Seat 6: NEMOXYX (€2.18 in chips) 
NotClaudio1: posts small blind €0.01
Davidsancheez16: posts big blind €0.02
*** HOLE CARDS ***
Dealt to pipinoelbreve9 [5c 3h]
marcooliveira99: folds 
pipinoelbreve9: folds 
NEMOXYX: folds 
johnmitchon: folds 
NotClaudio1: folds 
Uncalled bet (€0.01) returned to Davidsancheez16
Davidsancheez16 collected €0.02 from pot
Davidsancheez16: doesn't show hand 
*** SUMMARY ***
Total pot €0.02 | Rake €0 
Seat 1: johnmitchon (button) folded before Flop (didn't bet)
Seat 2: NotClaudio1 (small blind) folded before Flop
Seat 3: Davidsancheez16 (big blind) collected (€0.02)
Seat 4: marcooliveira99 folded before Flop (didn't bet)
Seat 5: pipinoelbreve9 folded before Flop (didn't bet)
Seat 6: NEMOXYX folded before Flop (didn't bet)



PokerStars Zoom Hand #257492427172:  Hold'em No Limit (€0.01/€0.02) - 2025/08/26 15:36:06 CET [2025/08/26 9:36:06 ET]
Table 'Arneb' 6-max Seat #1 is the button
Seat 1: Luchinhoo. (€0.80 in chips) 
Seat 2: gomera30 (€2.29 in chips) 
Seat 3: Marya1956 (€6.21 in chips) 
Seat 4: Roblesito21 (€1.50 in chips) 
Seat 5: marcooliveira99 (€1.09 in chips) 
Seat 6: pipinoelbreve9 (€2 in chips) 
gomera30: posts small blind €0.01
Marya1956: posts big blind €0.02
*** HOLE CARDS ***
Dealt to pipinoelbreve9 [3d 2c]
Roblesito21 is disconnected 
Roblesito21 has timed out while disconnected
Roblesito21: folds 
marcooliveira99: folds 
pipinoelbreve9: folds 
Luchinhoo.: folds 
gomera30: folds 
Uncalled bet (€0.01) returned to Marya1956
Marya1956 collected €0.02 from pot
Marya1956: doesn't show hand 
*** SUMMARY ***
Total pot €0.02 | Rake €0 
Seat 1: Luchinhoo. (button) folded before Flop (didn't bet)
Seat 2: gomera30 (small blind) folded before Flop
Seat 3: Marya1956 (big blind) collected (€0.02)
Seat 4: Roblesito21 folded before Flop (didn't bet)
Seat 5: marcooliveira99 folded before Flop (didn't bet)
Seat 6: pipinoelbreve9 folded before Flop (didn't bet)



PokerStars Zoom Hand #257492428224:  Hold'em No Limit (€0.01/€0.02) - 2025/08/26 15:36:14 CET [2025/08/26 9:36:14 ET]
Table 'Arneb' 6-max Seat #1 is the button
Seat 1: TJDasNeves (€2.05 in chips) 
Seat 2: pipinoelbreve9 (€2 in chips) 
Seat 3: spoke_6969 (€1.80 in chips) 
Seat 4: merkaba01 (€1.37 in chips) 
Seat 5: proust50 (€3.15 in chips) 
Seat 6: marcooliveira99 (€1.09 in chips) 
pipinoelbreve9: posts small blind €0.01
spoke_6969: posts big blind €0.02
*** HOLE CARDS ***
Dealt to pipinoelbreve9 [Jc Jd]
merkaba01: folds 
proust50: folds 
marcooliveira99: folds 
TJDasNeves: raises €0.03 to €0.05
pipinoelbreve9: raises €0.13 to €0.18
spoke_6969: folds 
TJDasNeves: calls €0.13
*** FLOP *** [Th 9h 6d]
pipinoelbreve9: bets €0.18
TJDasNeves: calls €0.18
*** TURN *** [Th 9h 6d] [Ah]
pipinoelbreve9: checks 
TJDasNeves: checks 
*** RIVER *** [Th 9h 6d Ah] [3c]
pipinoelbreve9: bets €0.35
TJDasNeves: folds 
Uncalled bet (€0.35) returned to pipinoelbreve9
pipinoelbreve9 collected €0.70 from pot
pipinoelbreve9: doesn't show hand 
*** SUMMARY ***
Total pot €0.74 | Rake €0.04 
Board [Th 9h 6d Ah 3c]
Seat 1: TJDasNeves (button) folded on the River
Seat 2: pipinoelbreve9 (small blind) collected (€0.70)
Seat 3: spoke_6969 (big blind) folded before Flop
Seat 4: merkaba01 folded before Flop (didn't bet)
Seat 5: proust50 folded before Flop (didn't bet)
Seat 6: marcooliveira99 folded before Flop (didn't bet)



PokerStars Zoom Hand #257492435359:  Hold'em No Limit (€0.01/€0.02) - 2025/08/26 15:37:02 CET [2025/08/26 9:37:02 ET]
Table 'Arneb' 6-max Seat #1 is the button
Seat 1: Nekoligre (€2.86 in chips) 
Seat 2: NEMOXYX (€2.23 in chips) 
Seat 3: gomera30 (€2 in chips) 
Seat 4: pipinoelbreve9 (€2.34 in chips) 
Seat 5: Abrelatas787 (€4.43 in chips) 
Seat 6: kombei63 (€1.52 in chips) 
NEMOXYX: posts small blind €0.01
gomera30: posts big blind €0.02
*** HOLE CARDS ***
Dealt to pipinoelbreve9 [9s Kd]
pipinoelbreve9: folds 
Abrelatas787: folds 
kombei63: folds 
Nekoligre: folds 
NEMOXYX: folds 
Uncalled bet (€0.01) returned to gomera30
gomera30 collected €0.02 from pot
gomera30: doesn't show hand 
*** SUMMARY ***
Total pot €0.02 | Rake €0 
Seat 1: Nekoligre (button) folded before Flop (didn't bet)
Seat 2: NEMOXYX (small blind) folded before Flop
Seat 3: gomera30 (big blind) collected (€0.02)
Seat 4: pipinoelbreve9 folded before Flop (didn't bet)
Seat 5: Abrelatas787 folded before Flop (didn't bet)
Seat 6: kombei63 folded before Flop (didn't bet)



PokerStars Zoom Hand #257492435976:  Hold'em No Limit (€0.01/€0.02) - 2025/08/26 15:37:07 CET [2025/08/26 9:37:07 ET]
Table 'Arneb' 6-max Seat #1 is the button
Seat 1: Marya1956 (€2 in chips) 
Seat 2: Lamoi21 (€1.01 in chips) 
Seat 3: pipinoelbreve9 (€2.34 in chips) 
Seat 4: Nekoligre (€2.35 in chips) 
Seat 5: NEMOXYX (€2.22 in chips) 
Seat 6: alexpqx (€1.47 in chips) 
Lamoi21: posts small blind €0.01
pipinoelbreve9: posts big blind €0.02
*** HOLE CARDS ***
Dealt to pipinoelbreve9 [Ks Js]
Nekoligre: folds 
NEMOXYX: folds 
alexpqx: calls €0.02
Marya1956: folds 
Lamoi21: folds 
pipinoelbreve9: raises €0.08 to €0.10
alexpqx: calls €0.08
*** FLOP *** [8d Ts 8s]
pipinoelbreve9: bets €0.10
alexpqx: calls €0.10
*** TURN *** [8d Ts 8s] [Ad]
pipinoelbreve9: bets €0.20
alexpqx: calls €0.20
*** RIVER *** [8d Ts 8s Ad] [3c]
pipinoelbreve9: checks 
alexpqx: checks 
*** SHOW DOWN ***
pipinoelbreve9: shows [Ks Js] (a pair of Eights)
alexpqx: shows [As Kc] (two pair, Aces and Eights)
alexpqx collected €0.77 from pot
*** SUMMARY ***
Total pot €0.81 | Rake €0.04 
Board [8d Ts 8s Ad 3c]
Seat 1: Marya1956 (button) folded before Flop (didn't bet)
Seat 2: Lamoi21 (small blind) folded before Flop
Seat 3: pipinoelbreve9 (big blind) showed [Ks Js] and lost with a pair of Eights
Seat 4: Nekoligre folded before Flop (didn't bet)
Seat 5: NEMOXYX folded before Flop (didn't bet)
Seat 6: alexpqx showed [As Kc] and won (€0.77) with two pair, Aces and Eights



