PokerStars Zoom Hand #257531390895:  Hold'em No Limit (€0.01/€0.02) - 2025/08/29 17:14:34 CET [2025/08/29 11:14:34 ET]
Table 'Arneb' 6-max Seat #1 is the button
Seat 1: critsio (€1.60 in chips) 
Seat 2: kombei63 (€1.16 in chips) 
Seat 3: pipinoelbreve9 (€2 in chips) 
Seat 4: iulian777333 (€3.42 in chips) 
Seat 5: faelzinnnn (€2.99 in chips) 
Seat 6: McMack626 (€3.73 in chips) 
kombei63: posts small blind €0.01
pipinoelbreve9: posts big blind €0.02
*** HOLE CARDS ***
Dealt to pipinoelbreve9 [2c 7s]
iulian777333: raises €0.02 to €0.04
faelzinnnn: folds 
McMack626: folds 
critsio: calls €0.04
kombei63: raises €0.16 to €0.20
pipinoelbreve9: folds 
iulian777333: calls €0.16
critsio: folds 
*** FLOP *** [8c Qh 8d]
kombei63: bets €0.22
iulian777333: raises €0.22 to €0.44
kombei63: raises €0.52 to €0.96 and is all-in
iulian777333: calls €0.52
*** TURN *** [8c Qh 8d] [6h]
*** RIVER *** [8c Qh 8d 6h] [Jd]
*** SHOW DOWN ***
kombei63: shows [Ac As] (two pair, Aces and Eights)
iulian777333: shows [Kc Ks] (two pair, Kings and Eights)
kombei63 collected €2.26 from pot
*** SUMMARY ***
Total pot €2.38 | Rake €0.12 
Board [8c Qh 8d 6h Jd]
Seat 1: critsio (button) folded before Flop
Seat 2: kombei63 (small blind) showed [Ac As] and won (€2.26) with two pair, Aces and Eights
Seat 3: pipinoelbreve9 (big blind) folded before Flop
Seat 4: iulian777333 showed [Kc Ks] and lost with two pair, Kings and Eights
Seat 5: faelzinnnn folded before Flop (didn't bet)
Seat 6: McMack626 folded before Flop (didn't bet)



PokerStars Zoom Hand #257531393348:  Hold'em No Limit (€0.01/€0.02) - 2025/08/29 17:14:48 CET [2025/08/29 11:14:48 ET]
Table 'Arneb' 6-max Seat #1 is the button
Seat 1: Diefa4466 (€3.15 in chips) 
Seat 2: pipinoelbreve9 (€2 in chips) 
Seat 3: pantera86 (€3.03 in chips) 
Seat 4: Fel2007 (€1.16 in chips) 
Seat 5: aixosi (€2.80 in chips) 
Seat 6: eric stl 196 (€2.27 in chips) 
pipinoelbreve9: posts small blind €0.01
pantera86: posts big blind €0.02
*** HOLE CARDS ***
Dealt to pipinoelbreve9 [7c Td]
Fel2007: folds 
aixosi: folds 
eric stl 196: folds 
Diefa4466: raises €0.03 to €0.05
pipinoelbreve9: folds 
pantera86: calls €0.03
*** FLOP *** [Ac Kh Qc]
pantera86: checks 
Diefa4466: checks 
*** TURN *** [Ac Kh Qc] [8c]
pantera86: bets €0.03
Diefa4466: calls €0.03
*** RIVER *** [Ac Kh Qc 8c] [Th]
pantera86: checks 
Diefa4466: checks 
*** SHOW DOWN ***
pantera86: shows [9d Ad] (a pair of Aces)
Diefa4466: shows [Ah 3d] (a pair of Aces)
pantera86 collected €0.08 from pot
Diefa4466 collected €0.08 from pot
*** SUMMARY ***
Total pot €0.17 | Rake €0.01 
Board [Ac Kh Qc 8c Th]
Seat 1: Diefa4466 (button) showed [Ah 3d] and won (€0.08) with a pair of Aces
Seat 2: pipinoelbreve9 (small blind) folded before Flop
Seat 3: pantera86 (big blind) showed [9d Ad] and won (€0.08) with a pair of Aces
Seat 4: Fel2007 folded before Flop (didn't bet)
Seat 5: aixosi folded before Flop (didn't bet)
Seat 6: eric stl 196 folded before Flop (didn't bet)



PokerStars Zoom Hand #257531394845:  Hold'em No Limit (€0.01/€0.02) - 2025/08/29 17:14:57 CET [2025/08/29 11:14:57 ET]
Table 'Arneb' 6-max Seat #1 is the button
Seat 1: pipinoelbreve9 (€2 in chips) 
Seat 2: peterpunkkkk (€2.11 in chips) 
Seat 3: The_Qualm (€2 in chips) 
Seat 4: Fel2007 (€1.16 in chips) 
Seat 5: flamencolega (€4.57 in chips) 
Seat 6: biso_joker (€0.90 in chips) 
peterpunkkkk: posts small blind €0.01
The_Qualm: posts big blind €0.02
*** HOLE CARDS ***
Dealt to pipinoelbreve9 [3s Qh]
Fel2007: folds 
flamencolega: folds 
biso_joker: raises €0.03 to €0.05
pipinoelbreve9: folds 
peterpunkkkk: folds 
The_Qualm: folds 
Uncalled bet (€0.03) returned to biso_joker
biso_joker collected €0.05 from pot
biso_joker: doesn't show hand 
*** SUMMARY ***
Total pot €0.05 | Rake €0 
Seat 1: pipinoelbreve9 (button) folded before Flop (didn't bet)
Seat 2: peterpunkkkk (small blind) folded before Flop
Seat 3: The_Qualm (big blind) folded before Flop
Seat 4: Fel2007 folded before Flop (didn't bet)
Seat 5: flamencolega folded before Flop (didn't bet)
Seat 6: biso_joker collected (€0.05)



PokerStars Zoom Hand #257531397535:  Hold'em No Limit (€0.01/€0.02) - 2025/08/29 17:15:11 CET [2025/08/29 11:15:11 ET]
Table 'Arneb' 6-max Seat #1 is the button
Seat 1: R.Deschain26 (€2.36 in chips) 
Seat 2: chaboargudin (€1.32 in chips) 
Seat 3: juanico1977 (€2 in chips) 
Seat 4: Utusuchaz (€2.40 in chips) 
Seat 5: juajord26 (€2.90 in chips) 
Seat 6: pipinoelbreve9 (€2 in chips) 
chaboargudin: posts small blind €0.01
juanico1977: posts big blind €0.02
*** HOLE CARDS ***
Dealt to pipinoelbreve9 [Jc 7d]
Utusuchaz: folds 
juajord26: folds 
pipinoelbreve9: folds 
R.Deschain26: folds 
chaboargudin: folds 
Uncalled bet (€0.01) returned to juanico1977
juanico1977 collected €0.02 from pot
juanico1977: doesn't show hand 
*** SUMMARY ***
Total pot €0.02 | Rake €0 
Seat 1: R.Deschain26 (button) folded before Flop (didn't bet)
Seat 2: chaboargudin (small blind) folded before Flop
Seat 3: juanico1977 (big blind) collected (€0.02)
Seat 4: Utusuchaz folded before Flop (didn't bet)
Seat 5: juajord26 folded before Flop (didn't bet)
Seat 6: pipinoelbreve9 folded before Flop (didn't bet)



PokerStars Zoom Hand #257531399980:  Hold'em No Limit (€0.01/€0.02) - 2025/08/29 17:15:26 CET [2025/08/29 11:15:26 ET]
Table 'Arneb' 6-max Seat #1 is the button
Seat 1: McMack626 (€3.64 in chips) 
Seat 2: pipinoelbreve9 (€2 in chips) 
Seat 3: juajord26 (€2.90 in chips) 
Seat 4: juanlu2000china (€2.66 in chips) 
Seat 5: Nirvisen (€2.08 in chips) 
Seat 6: Abrelatas787 (€4.09 in chips) 
pipinoelbreve9: posts small blind €0.01
juajord26: posts big blind €0.02
*** HOLE CARDS ***
Dealt to pipinoelbreve9 [8c Ac]
juanlu2000china: folds 
Nirvisen: folds 
Abrelatas787: folds 
McMack626: folds 
pipinoelbreve9: raises €0.04 to €0.06
juajord26: calls €0.04
*** FLOP *** [Kd 9h Qc]
pipinoelbreve9: checks 
juajord26: bets €0.04
pipinoelbreve9: calls €0.04
*** TURN *** [Kd 9h Qc] [9d]
pipinoelbreve9: checks 
juajord26: checks 
*** RIVER *** [Kd 9h Qc 9d] [Kh]
pipinoelbreve9: bets €0.06
juajord26: calls €0.06
*** SHOW DOWN ***
pipinoelbreve9: shows [8c Ac] (two pair, Kings and Nines)
juajord26: shows [Jh Js] (two pair, Kings and Jacks)
juajord26 collected €0.30 from pot
*** SUMMARY ***
Total pot €0.32 | Rake €0.02 
Board [Kd 9h Qc 9d Kh]
Seat 1: McMack626 (button) folded before Flop (didn't bet)
Seat 2: pipinoelbreve9 (small blind) showed [8c Ac] and lost with two pair, Kings and Nines
Seat 3: juajord26 (big blind) showed [Jh Js] and won (€0.30) with two pair, Kings and Jacks
Seat 4: juanlu2000china folded before Flop (didn't bet)
Seat 5: Nirvisen folded before Flop (didn't bet)
Seat 6: Abrelatas787 folded before Flop (didn't bet)



PokerStars Zoom Hand #257531408840:  Hold'em No Limit (€0.01/€0.02) - 2025/08/29 17:16:16 CET [2025/08/29 11:16:16 ET]
Table 'Arneb' 6-max Seat #1 is the button
Seat 1: FishamanReggae (€1.33 in chips) 
Seat 2: aixosi (€3.13 in chips) 
Seat 3: Maud2192 (€1 in chips) 
Seat 4: Reefcat2 (€1.59 in chips) 
Seat 5: ZixZ596 (€1.04 in chips) 
Seat 6: pipinoelbreve9 (€2 in chips) 
aixosi: posts small blind €0.01
Maud2192: posts big blind €0.02
*** HOLE CARDS ***
Dealt to pipinoelbreve9 [4s 2c]
Reefcat2: folds 
ZixZ596: folds 
pipinoelbreve9: folds 
FishamanReggae: folds 
aixosi: folds 
Uncalled bet (€0.01) returned to Maud2192
Maud2192 collected €0.02 from pot
Maud2192: doesn't show hand 
*** SUMMARY ***
Total pot €0.02 | Rake €0 
Seat 1: FishamanReggae (button) folded before Flop (didn't bet)
Seat 2: aixosi (small blind) folded before Flop
Seat 3: Maud2192 (big blind) collected (€0.02)
Seat 4: Reefcat2 folded before Flop (didn't bet)
Seat 5: ZixZ596 folded before Flop (didn't bet)
Seat 6: pipinoelbreve9 folded before Flop (didn't bet)



PokerStars Zoom Hand #257531409609:  Hold'em No Limit (€0.01/€0.02) - 2025/08/29 17:16:21 CET [2025/08/29 11:16:21 ET]
Table 'Arneb' 6-max Seat #1 is the button
Seat 1: aixosi (€3.12 in chips) 
Seat 2: iulian777333 (€2.04 in chips) 
Seat 3: pipinoelbreve9 (€2 in chips) 
Seat 4: FishamanReggae (€1.33 in chips) 
Seat 5: Utusuchaz (€5.08 in chips) 
Seat 6: Diefa4466 (€3.10 in chips) 
iulian777333: posts small blind €0.01
pipinoelbreve9: posts big blind €0.02
*** HOLE CARDS ***
Dealt to pipinoelbreve9 [9d 2d]
FishamanReggae: folds 
Utusuchaz: folds 
Diefa4466: folds 
aixosi: folds 
iulian777333: raises €0.06 to €0.08
pipinoelbreve9: folds 
Uncalled bet (€0.06) returned to iulian777333
iulian777333 collected €0.04 from pot
iulian777333: doesn't show hand 
*** SUMMARY ***
Total pot €0.04 | Rake €0 
Seat 1: aixosi (button) folded before Flop (didn't bet)
Seat 2: iulian777333 (small blind) collected (€0.04)
Seat 3: pipinoelbreve9 (big blind) folded before Flop
Seat 4: FishamanReggae folded before Flop (didn't bet)
Seat 5: Utusuchaz folded before Flop (didn't bet)
Seat 6: Diefa4466 folded before Flop (didn't bet)



PokerStars Zoom Hand #257531411615:  Hold'em No Limit (€0.01/€0.02) - 2025/08/29 17:16:32 CET [2025/08/29 11:16:32 ET]
Table 'Arneb' 6-max Seat #1 is the button
Seat 1: pipinoelbreve9 (€2 in chips) 
Seat 2: Fr1z1Paz1 (€2.21 in chips) 
Seat 3: Reefcat2 (€1.59 in chips) 
Seat 4: FishamanReggae (€1.33 in chips) 
Seat 5: Manquete1 (€2.09 in chips) 
Seat 6: juajord26 (€3.04 in chips) 
Fr1z1Paz1: posts small blind €0.01
Reefcat2: posts big blind €0.02
*** HOLE CARDS ***
Dealt to pipinoelbreve9 [Td As]
FishamanReggae: raises €0.04 to €0.06
Manquete1: folds 
juajord26: folds 
pipinoelbreve9: folds 
Fr1z1Paz1: folds 
Reefcat2: folds 
Uncalled bet (€0.04) returned to FishamanReggae
FishamanReggae collected €0.05 from pot
FishamanReggae: doesn't show hand 
*** SUMMARY ***
Total pot €0.05 | Rake €0 
Seat 1: pipinoelbreve9 (button) folded before Flop (didn't bet)
Seat 2: Fr1z1Paz1 (small blind) folded before Flop
Seat 3: Reefcat2 (big blind) folded before Flop
Seat 4: FishamanReggae collected (€0.05)
Seat 5: Manquete1 folded before Flop (didn't bet)
Seat 6: juajord26 folded before Flop (didn't bet)



