PokerStars Zoom Hand #257573462367:  Hold'em No Limit (€0.01/€0.02) - 2025/09/01 20:25:35 CET [2025/09/01 14:25:35 ET]
Table 'Arneb' 6-max Seat #1 is the button
Seat 1: 13ROS13 (€2.06 in chips) 
Seat 2: A Besta 666 (€2.66 in chips) 
Seat 3: RyrisK (€1.29 in chips) 
Seat 4: pipinoelbreve9 (€2 in chips) 
Seat 5: Aitor888 (€4.42 in chips) 
Seat 6: DavidBoada (€1.84 in chips) 
A Besta 666: posts small blind €0.01
RyrisK: posts big blind €0.02
*** HOLE CARDS ***
Dealt to pipinoelbreve9 [9c Qs]
pipinoelbreve9: folds 
Aitor888: folds 
DavidBoada: folds 
13ROS13: folds 
A Besta 666: folds 
Uncalled bet (€0.01) returned to RyrisK
RyrisK collected €0.02 from pot
RyrisK: doesn't show hand 
*** SUMMARY ***
Total pot €0.02 | Rake €0 
Seat 1: 13ROS13 (button) folded before Flop (didn't bet)
Seat 2: A Besta 666 (small blind) folded before Flop
Seat 3: RyrisK (big blind) collected (€0.02)
Seat 4: pipinoelbreve9 folded before Flop (didn't bet)
Seat 5: Aitor888 folded before Flop (didn't bet)
Seat 6: DavidBoada folded before Flop (didn't bet)



PokerStars Zoom Hand #257573464531:  Hold'em No Limit (€0.01/€0.02) - 2025/09/01 20:25:45 CET [2025/09/01 14:25:45 ET]
Table 'Arneb' 6-max Seat #1 is the button
Seat 1: 13ROS13 (€2.29 in chips) 
Seat 2: pipinoelbreve9 (€2 in chips) 
Seat 3: AcesCrAAcker (€2.01 in chips) 
Seat 4: DavidBoada (€1.84 in chips) 
Seat 5: Roixo1 (€1.97 in chips) 
Seat 6: VEGAMAR (€2 in chips) 
pipinoelbreve9: posts small blind €0.01
AcesCrAAcker: posts big blind €0.02
*** HOLE CARDS ***
Dealt to pipinoelbreve9 [Js 7d]
DavidBoada: folds 
Roixo1: raises €0.02 to €0.04
VEGAMAR: folds 
13ROS13: folds 
pipinoelbreve9: folds 
AcesCrAAcker: folds 
Uncalled bet (€0.02) returned to Roixo1
Roixo1 collected €0.05 from pot
Roixo1: doesn't show hand 
*** SUMMARY ***
Total pot €0.05 | Rake €0 
Seat 1: 13ROS13 (button) folded before Flop (didn't bet)
Seat 2: pipinoelbreve9 (small blind) folded before Flop
Seat 3: AcesCrAAcker (big blind) folded before Flop
Seat 4: DavidBoada folded before Flop (didn't bet)
Seat 5: Roixo1 collected (€0.05)
Seat 6: VEGAMAR folded before Flop (didn't bet)



PokerStars Zoom Hand #257573467713:  Hold'em No Limit (€0.01/€0.02) - 2025/09/01 20:25:58 CET [2025/09/01 14:25:58 ET]
Table 'Arneb' 6-max Seat #1 is the button
Seat 1: pipinoelbreve9 (€2 in chips) 
Seat 2: madeirense23 (€1.47 in chips) 
Seat 3: Jota_uVe_1 (€2 in chips) 
Seat 4: A Besta 666 (€3.78 in chips) 
Seat 5: kurikutela53 (€0.55 in chips) 
Seat 6: 13ROS13 (€2.08 in chips) 
madeirense23: posts small blind €0.01
Jota_uVe_1: posts big blind €0.02
*** HOLE CARDS ***
Dealt to pipinoelbreve9 [Th 6c]
A Besta 666: raises €0.04 to €0.06
kurikutela53: folds 
13ROS13: folds 
pipinoelbreve9: folds 
madeirense23: folds 
Jota_uVe_1: folds 
Uncalled bet (€0.04) returned to A Besta 666
A Besta 666 collected €0.05 from pot
A Besta 666: doesn't show hand 
*** SUMMARY ***
Total pot €0.05 | Rake €0 
Seat 1: pipinoelbreve9 (button) folded before Flop (didn't bet)
Seat 2: madeirense23 (small blind) folded before Flop
Seat 3: Jota_uVe_1 (big blind) folded before Flop
Seat 4: A Besta 666 collected (€0.05)
Seat 5: kurikutela53 folded before Flop (didn't bet)
Seat 6: 13ROS13 folded before Flop (didn't bet)



PokerStars Zoom Hand #257573458930:  Hold'em No Limit (€0.01/€0.02) - 2025/09/01 20:25:21 CET [2025/09/01 14:25:21 ET]
Table 'Arneb' 6-max Seat #1 is the button
Seat 1: As a Devil (€2.13 in chips) 
Seat 2: mikoandy69 (€1.60 in chips) 
Seat 3: pipinoelbreve9 (€2 in chips) 
Seat 4: 13ROS13 (€2.30 in chips) 
Seat 5: basurdia (€12.95 in chips) 
Seat 6: king sttef (€3.04 in chips) 
mikoandy69: posts small blind €0.01
pipinoelbreve9: posts big blind €0.02
*** HOLE CARDS ***
Dealt to pipinoelbreve9 [6s 5c]
13ROS13: folds 
basurdia: raises €0.04 to €0.06
king sttef: calls €0.06
As a Devil: calls €0.06
mikoandy69: folds 
pipinoelbreve9: folds 
*** FLOP *** [8s 6h 9s]
basurdia: checks 
king sttef: checks 
As a Devil: checks 
*** TURN *** [8s 6h 9s] [8h]
basurdia: checks 
king sttef: checks 
As a Devil: checks 
*** RIVER *** [8s 6h 9s 8h] [7s]
basurdia: checks 
king sttef: bets €0.76
As a Devil: folds 
basurdia: folds 
Uncalled bet (€0.76) returned to king sttef
king sttef collected €0.20 from pot
king sttef: doesn't show hand 
*** SUMMARY ***
Total pot €0.21 | Rake €0.01 
Board [8s 6h 9s 8h 7s]
Seat 1: As a Devil (button) folded on the River
Seat 2: mikoandy69 (small blind) folded before Flop
Seat 3: pipinoelbreve9 (big blind) folded before Flop
Seat 4: 13ROS13 folded before Flop (didn't bet)
Seat 5: basurdia folded on the River
Seat 6: king sttef collected (€0.20)



PokerStars Zoom Hand #257573468997:  Hold'em No Limit (€0.01/€0.02) - 2025/09/01 20:26:04 CET [2025/09/01 14:26:04 ET]
Table 'Arneb' 6-max Seat #1 is the button
Seat 1: fran.pkr55 (€2.99 in chips) 
Seat 2: poteaarte (€5.40 in chips) 
Seat 3: candarias (€0.42 in chips) 
Seat 4: madeirense23 (€1.46 in chips) 
Seat 5: DavSnook (€1.87 in chips) 
Seat 6: pipinoelbreve9 (€2 in chips) 
poteaarte: posts small blind €0.01
candarias: posts big blind €0.02
*** HOLE CARDS ***
Dealt to pipinoelbreve9 [8d 7h]
madeirense23: folds 
DavSnook: folds 
pipinoelbreve9: folds 
fran.pkr55: folds 
poteaarte: raises €0.04 to €0.06
candarias: folds 
Uncalled bet (€0.04) returned to poteaarte
poteaarte collected €0.04 from pot
poteaarte: doesn't show hand 
*** SUMMARY ***
Total pot €0.04 | Rake €0 
Seat 1: fran.pkr55 (button) folded before Flop (didn't bet)
Seat 2: poteaarte (small blind) collected (€0.04)
Seat 3: candarias (big blind) folded before Flop
Seat 4: madeirense23 folded before Flop (didn't bet)
Seat 5: DavSnook folded before Flop (didn't bet)
Seat 6: pipinoelbreve9 folded before Flop (didn't bet)



PokerStars Zoom Hand #257573471654:  Hold'em No Limit (€0.01/€0.02) - 2025/09/01 20:26:15 CET [2025/09/01 14:26:15 ET]
Table 'Arneb' 6-max Seat #1 is the button
Seat 1: kurikutela53 (€0.55 in chips) 
Seat 2: SFT17 (€2.04 in chips) 
Seat 3: 13ROS13 (€2.08 in chips) 
Seat 4: Aitor888 (€2 in chips) 
Seat 5: pipinoelbreve9 (€2 in chips) 
Seat 6: Jota_uVe_1 (€2 in chips) 
SFT17: posts small blind €0.01
13ROS13: posts big blind €0.02
*** HOLE CARDS ***
Dealt to pipinoelbreve9 [2c 2s]
Aitor888: folds 
pipinoelbreve9: folds 
Jota_uVe_1: folds 
kurikutela53: raises €0.53 to €0.55 and is all-in
SFT17: folds 
13ROS13: folds 
Uncalled bet (€0.53) returned to kurikutela53
kurikutela53 collected €0.05 from pot
kurikutela53: doesn't show hand 
*** SUMMARY ***
Total pot €0.05 | Rake €0 
Seat 1: kurikutela53 (button) collected (€0.05)
Seat 2: SFT17 (small blind) folded before Flop
Seat 3: 13ROS13 (big blind) folded before Flop
Seat 4: Aitor888 folded before Flop (didn't bet)
Seat 5: pipinoelbreve9 folded before Flop (didn't bet)
Seat 6: Jota_uVe_1 folded before Flop (didn't bet)



PokerStars Zoom Hand #257573475295:  Hold'em No Limit (€0.01/€0.02) - 2025/09/01 20:26:31 CET [2025/09/01 14:26:31 ET]
Table 'Arneb' 6-max Seat #1 is the button
Seat 1: wilbor123 (€2.57 in chips) 
Seat 2: Angelo697 (€6.03 in chips) 
Seat 3: pipinoelbreve9 (€2 in chips) 
Seat 4: Jumby34 (€3.97 in chips) 
Seat 5: Aitor888 (€2 in chips) 
Seat 6: lorocontento (€1 in chips) 
Angelo697: posts small blind €0.01
pipinoelbreve9: posts big blind €0.02
*** HOLE CARDS ***
Dealt to pipinoelbreve9 [9h As]
Jumby34: folds 
Aitor888: folds 
lorocontento: folds 
wilbor123: folds 
Angelo697: folds 
Uncalled bet (€0.01) returned to pipinoelbreve9
pipinoelbreve9 collected €0.02 from pot
pipinoelbreve9: doesn't show hand 
*** SUMMARY ***
Total pot €0.02 | Rake €0 
Seat 1: wilbor123 (button) folded before Flop (didn't bet)
Seat 2: Angelo697 (small blind) folded before Flop
Seat 3: pipinoelbreve9 (big blind) collected (€0.02)
Seat 4: Jumby34 folded before Flop (didn't bet)
Seat 5: Aitor888 folded before Flop (didn't bet)
Seat 6: lorocontento folded before Flop (didn't bet)



PokerStars Zoom Hand #257573479008:  Hold'em No Limit (€0.01/€0.02) - 2025/09/01 20:26:47 CET [2025/09/01 14:26:47 ET]
Table 'Arneb' 6-max Seat #1 is the button
Seat 1: GamerVidal (€2.04 in chips) 
Seat 2: pipinoelbreve9 (€2.01 in chips) 
Seat 3: Lucian Morel (€3.92 in chips) 
Seat 4: marcdevil (€2.05 in chips) 
Seat 5: LazyJellyBadger (€2 in chips) 
Seat 6: scobosga (€3.18 in chips) 
pipinoelbreve9: posts small blind €0.01
Lucian Morel: posts big blind €0.02
*** HOLE CARDS ***
Dealt to pipinoelbreve9 [4h Jc]
marcdevil: folds 
LazyJellyBadger: raises €0.04 to €0.06
scobosga: folds 
GamerVidal: folds 
pipinoelbreve9: folds 
Lucian Morel: folds 
Uncalled bet (€0.04) returned to LazyJellyBadger
LazyJellyBadger collected €0.05 from pot
LazyJellyBadger: doesn't show hand 
*** SUMMARY ***
Total pot €0.05 | Rake €0 
Seat 1: GamerVidal (button) folded before Flop (didn't bet)
Seat 2: pipinoelbreve9 (small blind) folded before Flop
Seat 3: Lucian Morel (big blind) folded before Flop
Seat 4: marcdevil folded before Flop (didn't bet)
Seat 5: LazyJellyBadger collected (€0.05)
Seat 6: scobosga folded before Flop (didn't bet)



PokerStars Zoom Hand #257573480386:  Hold'em No Limit (€0.01/€0.02) - 2025/09/01 20:26:53 CET [2025/09/01 14:26:53 ET]
Table 'Arneb' 6-max Seat #1 is the button
Seat 1: pipinoelbreve9 (€2 in chips) 
Seat 2: SFT17 (€2.08 in chips) 
Seat 3: Boby8803 (€1.03 in chips) 
Seat 4: basurdia (€9.73 in chips) 
Seat 5: king sttef (€3.14 in chips) 
Seat 6: DavidBoada (€1.94 in chips) 
SFT17: posts small blind €0.01
Boby8803: posts big blind €0.02
*** HOLE CARDS ***
Dealt to pipinoelbreve9 [5h 5d]
basurdia: folds 
king sttef: folds 
DavidBoada: folds 
pipinoelbreve9: raises €0.04 to €0.06
SFT17: folds 
Boby8803: calls €0.04
*** FLOP *** [Ks 2c 4d]
Boby8803: checks 
pipinoelbreve9: bets €0.04
Boby8803: calls €0.04
*** TURN *** [Ks 2c 4d] [Tc]
Boby8803: checks 
pipinoelbreve9: bets €0.08
Boby8803: folds 
Uncalled bet (€0.08) returned to pipinoelbreve9
pipinoelbreve9 collected €0.20 from pot
pipinoelbreve9: doesn't show hand 
*** SUMMARY ***
Total pot €0.21 | Rake €0.01 
Board [Ks 2c 4d Tc]
Seat 1: pipinoelbreve9 (button) collected (€0.20)
Seat 2: SFT17 (small blind) folded before Flop
Seat 3: Boby8803 (big blind) folded on the Turn
Seat 4: basurdia folded before Flop (didn't bet)
Seat 5: king sttef folded before Flop (didn't bet)
Seat 6: DavidBoada folded before Flop (didn't bet)



PokerStars Zoom Hand #257573491827:  Hold'em No Limit (€0.01/€0.02) - 2025/09/01 20:27:43 CET [2025/09/01 14:27:43 ET]
Table 'Arneb' 6-max Seat #1 is the button
Seat 1: Aitor888 (€2.07 in chips) 
Seat 2: marcdevil (€2 in chips) 
Seat 3: pipinoelbreve9 (€2.10 in chips) 
Seat 4: lngk852305 (€1.64 in chips) 
Seat 5: nometoquesloshu (€1.06 in chips) 
Seat 6: Jumby34 (€2.50 in chips) 
marcdevil: posts small blind €0.01
pipinoelbreve9: posts big blind €0.02
*** HOLE CARDS ***
Dealt to pipinoelbreve9 [2d 7d]
lngk852305: folds 
nometoquesloshu: folds 
Jumby34: folds 
Aitor888: folds 
marcdevil: folds 
Uncalled bet (€0.01) returned to pipinoelbreve9
pipinoelbreve9 collected €0.02 from pot
pipinoelbreve9: doesn't show hand 
*** SUMMARY ***
Total pot €0.02 | Rake €0 
Seat 1: Aitor888 (button) folded before Flop (didn't bet)
Seat 2: marcdevil (small blind) folded before Flop
Seat 3: pipinoelbreve9 (big blind) collected (€0.02)
Seat 4: lngk852305 folded before Flop (didn't bet)
Seat 5: nometoquesloshu folded before Flop (didn't bet)
Seat 6: Jumby34 folded before Flop (didn't bet)



PokerStars Zoom Hand #257573496750:  Hold'em No Limit (€0.01/€0.02) - 2025/09/01 20:28:05 CET [2025/09/01 14:28:05 ET]
Table 'Arneb' 6-max Seat #1 is the button
Seat 1: GamerVidal (€1.86 in chips) 
Seat 2: scobosga (€3.02 in chips) 
Seat 3: jnascimento1965 (€1 in chips) 
Seat 4: Lucian Morel (€3.93 in chips) 
Seat 5: pingu_771 (€2 in chips) 
Seat 6: pipinoelbreve9 (€2.11 in chips) 
scobosga: posts small blind €0.01
jnascimento1965: posts big blind €0.02
*** HOLE CARDS ***
Dealt to pipinoelbreve9 [9d Ks]
Lucian Morel: folds 
pingu_771: raises €0.02 to €0.04
pipinoelbreve9: folds 
GamerVidal: raises €0.11 to €0.15
scobosga: folds 
jnascimento1965: folds 
pingu_771: folds 
Uncalled bet (€0.11) returned to GamerVidal
GamerVidal collected €0.11 from pot
GamerVidal: doesn't show hand 
*** SUMMARY ***
Total pot €0.11 | Rake €0 
Seat 1: GamerVidal (button) collected (€0.11)
Seat 2: scobosga (small blind) folded before Flop
Seat 3: jnascimento1965 (big blind) folded before Flop
Seat 4: Lucian Morel folded before Flop (didn't bet)
Seat 5: pingu_771 folded before Flop
Seat 6: pipinoelbreve9 folded before Flop (didn't bet)



PokerStars Zoom Hand #257573498506:  Hold'em No Limit (€0.01/€0.02) - 2025/09/01 20:28:13 CET [2025/09/01 14:28:13 ET]
Table 'Arneb' 6-max Seat #1 is the button
Seat 1: DavidBoada (€1.90 in chips) 
Seat 2: jnascimento1965 (€0.98 in chips) 
Seat 3: Jumby34 (€2.50 in chips) 
Seat 4: scobosga (€3.01 in chips) 
Seat 5: pipinoelbreve9 (€2.11 in chips) 
Seat 6: VEGAMAR (€2 in chips) 
jnascimento1965: posts small blind €0.01
Jumby34: posts big blind €0.02
*** HOLE CARDS ***
Dealt to pipinoelbreve9 [6s 2d]
scobosga: folds 
pipinoelbreve9 has timed out
pipinoelbreve9: folds 
VEGAMAR: raises €0.04 to €0.06
DavidBoada: folds 
jnascimento1965: raises €0.32 to €0.38
Jumby34: folds 
VEGAMAR: folds 
Uncalled bet (€0.32) returned to jnascimento1965
jnascimento1965 collected €0.14 from pot
jnascimento1965: doesn't show hand 
*** SUMMARY ***
Total pot €0.14 | Rake €0 
Seat 1: DavidBoada (button) folded before Flop (didn't bet)
Seat 2: jnascimento1965 (small blind) collected (€0.14)
Seat 3: Jumby34 (big blind) folded before Flop
Seat 4: scobosga folded before Flop (didn't bet)
Seat 5: pipinoelbreve9 folded before Flop (didn't bet)
Seat 6: VEGAMAR folded before Flop



PokerStars Zoom Hand #257573771033:  Hold'em No Limit (€0.01/€0.02) - 2025/09/01 20:47:42 CET [2025/09/01 14:47:42 ET]
Table 'Arneb' 6-max Seat #1 is the button
Seat 1: Aitor888 (€2.66 in chips) 
Seat 2: DavidBoada (€2.62 in chips) 
Seat 3: artiz300 (€2.21 in chips) 
Seat 4: pipinoelbreve9 (€2.11 in chips) 
Seat 5: AcesCrAAcker (€2.51 in chips) 
Seat 6: burgoa89 (€2.47 in chips) 
DavidBoada: posts small blind €0.01
artiz300: posts big blind €0.02
*** HOLE CARDS ***
Dealt to pipinoelbreve9 [6h Ah]
pipinoelbreve9: folds 
AcesCrAAcker: folds 
burgoa89: folds 
Aitor888: folds 
DavidBoada: folds 
Uncalled bet (€0.01) returned to artiz300
artiz300 collected €0.02 from pot
artiz300: doesn't show hand 
*** SUMMARY ***
Total pot €0.02 | Rake €0 
Seat 1: Aitor888 (button) folded before Flop (didn't bet)
Seat 2: DavidBoada (small blind) folded before Flop
Seat 3: artiz300 (big blind) collected (€0.02)
Seat 4: pipinoelbreve9 folded before Flop (didn't bet)
Seat 5: AcesCrAAcker folded before Flop (didn't bet)
Seat 6: burgoa89 folded before Flop (didn't bet)



PokerStars Zoom Hand #257573772345:  Hold'em No Limit (€0.01/€0.02) - 2025/09/01 20:47:48 CET [2025/09/01 14:47:48 ET]
Table 'Arneb' 6-max Seat #1 is the button
Seat 1: Jota_uVe_1 (€2.45 in chips) 
Seat 2: scobosga (€3.45 in chips) 
Seat 3: verlar10 (€2.28 in chips) 
Seat 4: Aitor888 (€2.66 in chips) 
Seat 5: pipinoelbreve9 (€2.11 in chips) 
Seat 6: adricrack970 (€2.23 in chips) 
scobosga: posts small blind €0.01
verlar10: posts big blind €0.02
*** HOLE CARDS ***
Dealt to pipinoelbreve9 [Jh 2d]
Aitor888: raises €0.04 to €0.06
pipinoelbreve9: folds 
adricrack970: folds 
Jota_uVe_1: folds 
scobosga: folds 
verlar10: folds 
Uncalled bet (€0.04) returned to Aitor888
Aitor888 collected €0.05 from pot
Aitor888: doesn't show hand 
*** SUMMARY ***
Total pot €0.05 | Rake €0 
Seat 1: Jota_uVe_1 (button) folded before Flop (didn't bet)
Seat 2: scobosga (small blind) folded before Flop
Seat 3: verlar10 (big blind) folded before Flop
Seat 4: Aitor888 collected (€0.05)
Seat 5: pipinoelbreve9 folded before Flop (didn't bet)
Seat 6: adricrack970 folded before Flop (didn't bet)



PokerStars Zoom Hand #257573774342:  Hold'em No Limit (€0.01/€0.02) - 2025/09/01 20:47:56 CET [2025/09/01 14:47:56 ET]
Table 'Arneb' 6-max Seat #1 is the button
Seat 1: NEMOXYX (€3.05 in chips) 
Seat 2: pipinoelbreve9 (€2.11 in chips) 
Seat 3: Jota_uVe_1 (€2.45 in chips) 
Seat 4: QUIQUE JONES (€0.73 in chips) 
Seat 5: ZePistolaS123 (€1.26 in chips) 
Seat 6: lorocontento (€1.11 in chips) 
pipinoelbreve9: posts small blind €0.01
Jota_uVe_1: posts big blind €0.02
*** HOLE CARDS ***
Dealt to pipinoelbreve9 [3s 6s]
QUIQUE JONES: folds 
ZePistolaS123: raises €0.02 to €0.04
lorocontento: folds 
NEMOXYX: folds 
pipinoelbreve9: folds 
Jota_uVe_1: folds 
Uncalled bet (€0.02) returned to ZePistolaS123
ZePistolaS123 collected €0.05 from pot
ZePistolaS123: doesn't show hand 
*** SUMMARY ***
Total pot €0.05 | Rake €0 
Seat 1: NEMOXYX (button) folded before Flop (didn't bet)
Seat 2: pipinoelbreve9 (small blind) folded before Flop
Seat 3: Jota_uVe_1 (big blind) folded before Flop
Seat 4: QUIQUE JONES folded before Flop (didn't bet)
Seat 5: ZePistolaS123 collected (€0.05)
Seat 6: lorocontento folded before Flop (didn't bet)



PokerStars Zoom Hand #257573777787:  Hold'em No Limit (€0.01/€0.02) - 2025/09/01 20:48:10 CET [2025/09/01 14:48:10 ET]
Table 'Arneb' 6-max Seat #1 is the button
Seat 1: pipinoelbreve9 (€2.10 in chips) 
Seat 2: StefiKK (€2.18 in chips) 
Seat 3: nometoquesloshu (€1.05 in chips) 
Seat 4: artiz300 (€3.87 in chips) 
Seat 5: Gandoy00 (€3.19 in chips) 
Seat 6: DavSnook (€2.24 in chips) 
StefiKK: posts small blind €0.01
nometoquesloshu: posts big blind €0.02
*** HOLE CARDS ***
Dealt to pipinoelbreve9 [Kc Kh]
artiz300: folds 
Gandoy00: folds 
DavSnook: folds 
pipinoelbreve9: raises €0.04 to €0.06
StefiKK: folds 
nometoquesloshu: calls €0.04
*** FLOP *** [7c Ts Qh]
nometoquesloshu: checks 
pipinoelbreve9: bets €0.06
nometoquesloshu: calls €0.06
*** TURN *** [7c Ts Qh] [9c]
nometoquesloshu: checks 
pipinoelbreve9: bets €0.16
nometoquesloshu: folds 
Uncalled bet (€0.16) returned to pipinoelbreve9
pipinoelbreve9 collected €0.24 from pot
pipinoelbreve9: doesn't show hand 
*** SUMMARY ***
Total pot €0.25 | Rake €0.01 
Board [7c Ts Qh 9c]
Seat 1: pipinoelbreve9 (button) collected (€0.24)
Seat 2: StefiKK (small blind) folded before Flop
Seat 3: nometoquesloshu (big blind) folded on the Turn
Seat 4: artiz300 folded before Flop (didn't bet)
Seat 5: Gandoy00 folded before Flop (didn't bet)
Seat 6: DavSnook folded before Flop (didn't bet)



PokerStars Zoom Hand #257573786836:  Hold'em No Limit (€0.01/€0.02) - 2025/09/01 20:48:47 CET [2025/09/01 14:48:47 ET]
Table 'Arneb' 6-max Seat #1 is the button
Seat 1: Goyii19 (€1.99 in chips) 
Seat 2: adricrack970 (€2.21 in chips) 
Seat 3: gateunas (€1.30 in chips) 
Seat 4: johnmitchon (€2.36 in chips) 
Seat 5: artiz300 (€2.15 in chips) 
Seat 6: pipinoelbreve9 (€2.22 in chips) 
adricrack970: posts small blind €0.01
gateunas: posts big blind €0.02
*** HOLE CARDS ***
Dealt to pipinoelbreve9 [Qh Qd]
johnmitchon: folds 
artiz300: folds 
pipinoelbreve9: raises €0.04 to €0.06
Goyii19: raises €0.15 to €0.21
adricrack970: folds 
gateunas: folds 
pipinoelbreve9: raises €0.31 to €0.52
Goyii19: calls €0.31
*** FLOP *** [6d 8c 4s]
pipinoelbreve9: bets €0.39
Goyii19: raises €1.08 to €1.47 and is all-in
pipinoelbreve9: calls €1.08
*** TURN *** [6d 8c 4s] [Jd]
*** RIVER *** [6d 8c 4s Jd] [6s]
*** SHOW DOWN ***
pipinoelbreve9: shows [Qh Qd] (two pair, Queens and Sixes)
Goyii19: shows [5s 7s] (a straight, Four to Eight)
Goyii19 collected €3.81 from pot
*** SUMMARY ***
Total pot €4.01 | Rake €0.20 
Board [6d 8c 4s Jd 6s]
Seat 1: Goyii19 (button) showed [5s 7s] and won (€3.81) with a straight, Four to Eight
Seat 2: adricrack970 (small blind) folded before Flop
Seat 3: gateunas (big blind) folded before Flop
Seat 4: johnmitchon folded before Flop (didn't bet)
Seat 5: artiz300 folded before Flop (didn't bet)
Seat 6: pipinoelbreve9 showed [Qh Qd] and lost with two pair, Queens and Sixes



