PokerStars Zoom Hand #257531059923:  Hold'em No Limit (€0.01/€0.02) - 2025/08/29 16:40:38 CET [2025/08/29 10:40:38 ET]
Table 'Arneb' 6-max Seat #1 is the button
Seat 1: LGC04 (€2.20 in chips) 
Seat 2: candarias (€3.06 in chips) 
Seat 3: pipinoelbreve9 (€2 in chips) 
Seat 4: Fel2007 (€1.30 in chips) 
Seat 5: kastor59 (€3.12 in chips) 
Seat 6: Areny_Sole (€3.92 in chips) 
candarias: posts small blind €0.01
pipinoelbreve9: posts big blind €0.02
*** HOLE CARDS ***
Dealt to pipinoelbreve9 [Qs 8d]
Fel2007: calls €0.02
kastor59: raises €0.07 to €0.09
Areny_Sole: folds 
LGC04: folds 
candarias: folds 
pipinoelbreve9: folds 
Fel2007: folds 
Uncalled bet (€0.07) returned to kastor59
kastor59 collected €0.07 from pot
kastor59: doesn't show hand 
*** SUMMARY ***
Total pot €0.07 | Rake €0 
Seat 1: LGC04 (button) folded before Flop (didn't bet)
Seat 2: candarias (small blind) folded before Flop
Seat 3: pipinoelbreve9 (big blind) folded before Flop
Seat 4: Fel2007 folded before Flop
Seat 5: kastor59 collected (€0.07)
Seat 6: Areny_Sole folded before Flop (didn't bet)



PokerStars Zoom Hand #257531064661:  Hold'em No Limit (€0.01/€0.02) - 2025/08/29 16:41:06 CET [2025/08/29 10:41:06 ET]
Table 'Arneb' 6-max Seat #1 is the button
Seat 1: guitimsa (€2.10 in chips) 
Seat 2: pipinoelbreve9 (€2 in chips) 
Seat 3: aixosi (€1.79 in chips) 
Seat 4: ricOoO66 (€2.07 in chips) 
Seat 5: HEAVEN KID (€6.12 in chips) 
Seat 6: Xenon-FR (€1.65 in chips) 
pipinoelbreve9: posts small blind €0.01
aixosi: posts big blind €0.02
*** HOLE CARDS ***
Dealt to pipinoelbreve9 [Js 3s]
ricOoO66: folds 
HEAVEN KID: folds 
Xenon-FR: folds 
guitimsa: folds 
pipinoelbreve9: raises €0.04 to €0.06
aixosi: folds 
Uncalled bet (€0.04) returned to pipinoelbreve9
pipinoelbreve9 collected €0.04 from pot
pipinoelbreve9: doesn't show hand 
*** SUMMARY ***
Total pot €0.04 | Rake €0 
Seat 1: guitimsa (button) folded before Flop (didn't bet)
Seat 2: pipinoelbreve9 (small blind) collected (€0.04)
Seat 3: aixosi (big blind) folded before Flop
Seat 4: ricOoO66 folded before Flop (didn't bet)
Seat 5: HEAVEN KID folded before Flop (didn't bet)
Seat 6: Xenon-FR folded before Flop (didn't bet)



PokerStars Zoom Hand #257531062400:  Hold'em No Limit (€0.01/€0.02) - 2025/08/29 16:40:53 CET [2025/08/29 10:40:53 ET]
Table 'Arneb' 6-max Seat #1 is the button
Seat 1: pipinoelbreve9 (€2 in chips) 
Seat 2: Manquete1 (€0.49 in chips) 
Seat 3: LGC04 (€1.87 in chips) 
Seat 4: MichaëLR7 (€3.19 in chips) 
Seat 5: In0sukeFoldz (€4.12 in chips) 
Seat 6: Yei3bet (€2.02 in chips) 
Manquete1: posts small blind €0.01
LGC04: posts big blind €0.02
*** HOLE CARDS ***
Dealt to pipinoelbreve9 [8h 6h]
MichaëLR7: folds 
In0sukeFoldz: calls €0.02
Yei3bet: folds 
pipinoelbreve9: folds 
Manquete1: folds 
LGC04: checks 
*** FLOP *** [4c 5d 6d]
LGC04: checks 
In0sukeFoldz: checks 
*** TURN *** [4c 5d 6d] [Jc]
LGC04: checks 
In0sukeFoldz: bets €0.04
LGC04: folds 
Uncalled bet (€0.04) returned to In0sukeFoldz
In0sukeFoldz collected €0.05 from pot
In0sukeFoldz: doesn't show hand 
*** SUMMARY ***
Total pot €0.05 | Rake €0 
Board [4c 5d 6d Jc]
Seat 1: pipinoelbreve9 (button) folded before Flop (didn't bet)
Seat 2: Manquete1 (small blind) folded before Flop
Seat 3: LGC04 (big blind) folded on the Turn
Seat 4: MichaëLR7 folded before Flop (didn't bet)
Seat 5: In0sukeFoldz collected (€0.05)
Seat 6: Yei3bet folded before Flop (didn't bet)



PokerStars Zoom Hand #257531067242:  Hold'em No Limit (€0.01/€0.02) - 2025/08/29 16:41:21 CET [2025/08/29 10:41:21 ET]
Table 'Arneb' 6-max Seat #1 is the button
Seat 1: chiinche (€2.04 in chips) 
Seat 2: pipinoelbreve9 (€2.02 in chips) 
Seat 3: frvallet (€1.73 in chips) 
Seat 4: jlf06ps (€2.15 in chips) 
Seat 5: kastor59 (€3.07 in chips) 
Seat 6: FishamanReggae (€0.78 in chips) 
pipinoelbreve9: posts small blind €0.01
frvallet: posts big blind €0.02
*** HOLE CARDS ***
Dealt to pipinoelbreve9 [7s Th]
jlf06ps: folds 
kastor59: folds 
FishamanReggae: folds 
chiinche: folds 
pipinoelbreve9: folds 
Uncalled bet (€0.01) returned to frvallet
frvallet collected €0.02 from pot
frvallet: doesn't show hand 
*** SUMMARY ***
Total pot €0.02 | Rake €0 
Seat 1: chiinche (button) folded before Flop (didn't bet)
Seat 2: pipinoelbreve9 (small blind) folded before Flop
Seat 3: frvallet (big blind) collected (€0.02)
Seat 4: jlf06ps folded before Flop (didn't bet)
Seat 5: kastor59 folded before Flop (didn't bet)
Seat 6: FishamanReggae folded before Flop (didn't bet)



PokerStars Zoom Hand #257531070158:  Hold'em No Limit (€0.01/€0.02) - 2025/08/29 16:41:39 CET [2025/08/29 10:41:39 ET]
Table 'Arneb' 6-max Seat #1 is the button
Seat 1: candarias (€1.98 in chips) 
Seat 2: AceGurb (€2.56 in chips) 
Seat 3: HEAVEN KID (€6.10 in chips) 
Seat 4: PauloATDias (€2.03 in chips) 
Seat 5: Xenon-FR (€1.60 in chips) 
Seat 6: pipinoelbreve9 (€2.01 in chips) 
AceGurb: posts small blind €0.01
HEAVEN KID: posts big blind €0.02
*** HOLE CARDS ***
Dealt to pipinoelbreve9 [Ad Jh]
PauloATDias: folds 
Xenon-FR: folds 
pipinoelbreve9: raises €0.04 to €0.06
candarias: folds 
AceGurb: raises €0.14 to €0.20
HEAVEN KID: folds 
pipinoelbreve9: calls €0.14
*** FLOP *** [8d 2d Qc]
AceGurb: bets €0.13
pipinoelbreve9: folds 
Uncalled bet (€0.13) returned to AceGurb
AceGurb collected €0.40 from pot
AceGurb: doesn't show hand 
*** SUMMARY ***
Total pot €0.42 | Rake €0.02 
Board [8d 2d Qc]
Seat 1: candarias (button) folded before Flop (didn't bet)
Seat 2: AceGurb (small blind) collected (€0.40)
Seat 3: HEAVEN KID (big blind) folded before Flop
Seat 4: PauloATDias folded before Flop (didn't bet)
Seat 5: Xenon-FR folded before Flop (didn't bet)
Seat 6: pipinoelbreve9 folded on the Flop



PokerStars Zoom Hand #257531076716:  Hold'em No Limit (€0.01/€0.02) - 2025/08/29 16:42:17 CET [2025/08/29 10:42:17 ET]
Table 'Arneb' 6-max Seat #1 is the button
Seat 1: LGC04 (€2.14 in chips) 
Seat 2: R.Deschain26 (€4.32 in chips) 
Seat 3: maximus_powah (€3.51 in chips) 
Seat 4: linto2800 (€2.02 in chips) 
Seat 5: pipinoelbreve9 (€2 in chips) 
Seat 6: HEAVEN KID (€6.07 in chips) 
R.Deschain26: posts small blind €0.01
maximus_powah: posts big blind €0.02
*** HOLE CARDS ***
Dealt to pipinoelbreve9 [9d Ac]
linto2800: folds 
pipinoelbreve9: folds 
HEAVEN KID: folds 
LGC04: folds 
R.Deschain26: folds 
Uncalled bet (€0.01) returned to maximus_powah
maximus_powah collected €0.02 from pot
maximus_powah: doesn't show hand 
*** SUMMARY ***
Total pot €0.02 | Rake €0 
Seat 1: LGC04 (button) folded before Flop (didn't bet)
Seat 2: R.Deschain26 (small blind) folded before Flop
Seat 3: maximus_powah (big blind) collected (€0.02)
Seat 4: linto2800 folded before Flop (didn't bet)
Seat 5: pipinoelbreve9 folded before Flop (didn't bet)
Seat 6: HEAVEN KID folded before Flop (didn't bet)



PokerStars Zoom Hand #257531077773:  Hold'em No Limit (€0.01/€0.02) - 2025/08/29 16:42:24 CET [2025/08/29 10:42:24 ET]
Table 'Arneb' 6-max Seat #1 is the button
Seat 1: Utusuchaz (€2.29 in chips) 
Seat 2: The_Qualm (€2.03 in chips) 
Seat 3: pipinoelbreve9 (€2 in chips) 
Seat 4: maximus_powah (€2.53 in chips) 
Seat 5: leobcn9 (€2 in chips) 
Seat 6: XXXJAVIXXX14 (€3.22 in chips) 
The_Qualm: posts small blind €0.01
pipinoelbreve9: posts big blind €0.02
*** HOLE CARDS ***
Dealt to pipinoelbreve9 [9d 3h]
maximus_powah: folds 
leobcn9: folds 
XXXJAVIXXX14: raises €0.02 to €0.04
Utusuchaz: folds 
The_Qualm: folds 
pipinoelbreve9: folds 
Uncalled bet (€0.02) returned to XXXJAVIXXX14
XXXJAVIXXX14 collected €0.05 from pot
XXXJAVIXXX14: doesn't show hand 
*** SUMMARY ***
Total pot €0.05 | Rake €0 
Seat 1: Utusuchaz (button) folded before Flop (didn't bet)
Seat 2: The_Qualm (small blind) folded before Flop
Seat 3: pipinoelbreve9 (big blind) folded before Flop
Seat 4: maximus_powah folded before Flop (didn't bet)
Seat 5: leobcn9 folded before Flop (didn't bet)
Seat 6: XXXJAVIXXX14 collected (€0.05)



PokerStars Zoom Hand #257531080781:  Hold'em No Limit (€0.01/€0.02) - 2025/08/29 16:42:42 CET [2025/08/29 10:42:42 ET]
Table 'Arneb' 6-max Seat #1 is the button
Seat 1: hernando44 (€2 in chips) 
Seat 2: guitimsa (€2.06 in chips) 
Seat 3: R.Deschain26 (€2.69 in chips) 
Seat 4: Fel2007 (€1.39 in chips) 
Seat 5: The_Qualm (€2.02 in chips) 
Seat 6: pipinoelbreve9 (€2 in chips) 
guitimsa: posts small blind €0.01
R.Deschain26: posts big blind €0.02
*** HOLE CARDS ***
Dealt to pipinoelbreve9 [Jh As]
Fel2007: folds 
The_Qualm: folds 
pipinoelbreve9: raises €0.04 to €0.06
hernando44: folds 
guitimsa: folds 
R.Deschain26: folds 
Uncalled bet (€0.04) returned to pipinoelbreve9
pipinoelbreve9 collected €0.05 from pot
pipinoelbreve9: doesn't show hand 
*** SUMMARY ***
Total pot €0.05 | Rake €0 
Seat 1: hernando44 (button) folded before Flop (didn't bet)
Seat 2: guitimsa (small blind) folded before Flop
Seat 3: R.Deschain26 (big blind) folded before Flop
Seat 4: Fel2007 folded before Flop (didn't bet)
Seat 5: The_Qualm folded before Flop (didn't bet)
Seat 6: pipinoelbreve9 collected (€0.05)



PokerStars Zoom Hand #257531086749:  Hold'em No Limit (€0.01/€0.02) - 2025/08/29 16:43:17 CET [2025/08/29 10:43:17 ET]
Table 'Arneb' 6-max Seat #1 is the button
Seat 1: Phamtom123 (€0.91 in chips) 
Seat 2: Utusuchaz (€2.27 in chips) 
Seat 3: hernando44 (€2 in chips) 
Seat 4: LGC04 (€1.82 in chips) 
Seat 5: pipinoelbreve9 (€2.03 in chips) 
Seat 6: McMack626 (€1.64 in chips) 
Utusuchaz: posts small blind €0.01
hernando44: posts big blind €0.02
*** HOLE CARDS ***
Dealt to pipinoelbreve9 [Kc Tc]
LGC04: folds 
pipinoelbreve9: raises €0.04 to €0.06
McMack626: folds 
Phamtom123: folds 
Utusuchaz: folds 
hernando44: folds 
Uncalled bet (€0.04) returned to pipinoelbreve9
pipinoelbreve9 collected €0.05 from pot
pipinoelbreve9: doesn't show hand 
*** SUMMARY ***
Total pot €0.05 | Rake €0 
Seat 1: Phamtom123 (button) folded before Flop (didn't bet)
Seat 2: Utusuchaz (small blind) folded before Flop
Seat 3: hernando44 (big blind) folded before Flop
Seat 4: LGC04 folded before Flop (didn't bet)
Seat 5: pipinoelbreve9 collected (€0.05)
Seat 6: McMack626 folded before Flop (didn't bet)



PokerStars Zoom Hand #257531090499:  Hold'em No Limit (€0.01/€0.02) - 2025/08/29 16:43:40 CET [2025/08/29 10:43:40 ET]
Table 'Arneb' 6-max Seat #1 is the button
Seat 1: guitimsa (€2.26 in chips) 
Seat 2: Fel2007 (€1.40 in chips) 
Seat 3: McMack626 (€1.63 in chips) 
Seat 4: pipinoelbreve9 (€2.06 in chips) 
Seat 5: angel9508m (€4.61 in chips) 
Seat 6: A.montes1993 (€4.61 in chips) 
Fel2007: posts small blind €0.01
McMack626: posts big blind €0.02
*** HOLE CARDS ***
Dealt to pipinoelbreve9 [9h Js]
pipinoelbreve9: folds 
angel9508m: folds 
A.montes1993: raises €0.02 to €0.04
guitimsa: folds 
Fel2007: folds 
McMack626: folds 
Uncalled bet (€0.02) returned to A.montes1993
A.montes1993 collected €0.05 from pot
A.montes1993: doesn't show hand 
*** SUMMARY ***
Total pot €0.05 | Rake €0 
Seat 1: guitimsa (button) folded before Flop (didn't bet)
Seat 2: Fel2007 (small blind) folded before Flop
Seat 3: McMack626 (big blind) folded before Flop
Seat 4: pipinoelbreve9 folded before Flop (didn't bet)
Seat 5: angel9508m folded before Flop (didn't bet)
Seat 6: A.montes1993 collected (€0.05)



PokerStars Zoom Hand #257531091965:  Hold'em No Limit (€0.01/€0.02) - 2025/08/29 16:43:49 CET [2025/08/29 10:43:49 ET]
Table 'Arneb' 6-max Seat #1 is the button
Seat 1: combinius1 (€2.09 in chips) 
Seat 2: AceGurb (€2.66 in chips) 
Seat 3: aixosi (€1.98 in chips) 
Seat 4: pipinoelbreve9 (€2.06 in chips) 
Seat 5: McMack626 (€1.61 in chips) 
Seat 6: Fel2007 (€1.39 in chips) 
AceGurb: posts small blind €0.01
aixosi: posts big blind €0.02
*** HOLE CARDS ***
Dealt to pipinoelbreve9 [Kc 6h]
pipinoelbreve9: folds 
McMack626: raises €0.04 to €0.06
Fel2007: folds 
combinius1: folds 
AceGurb: folds 
aixosi: calls €0.04
*** FLOP *** [Tc 9d Kh]
aixosi: checks 
McMack626: checks 
*** TURN *** [Tc 9d Kh] [8d]
aixosi: bets €0.12
McMack626: folds 
Uncalled bet (€0.12) returned to aixosi
aixosi collected €0.12 from pot
aixosi: doesn't show hand 
*** SUMMARY ***
Total pot €0.13 | Rake €0.01 
Board [Tc 9d Kh 8d]
Seat 1: combinius1 (button) folded before Flop (didn't bet)
Seat 2: AceGurb (small blind) folded before Flop
Seat 3: aixosi (big blind) collected (€0.12)
Seat 4: pipinoelbreve9 folded before Flop (didn't bet)
Seat 5: McMack626 folded on the Turn
Seat 6: Fel2007 folded before Flop (didn't bet)



PokerStars Zoom Hand #257531091443:  Hold'em No Limit (€0.01/€0.02) - 2025/08/29 16:43:46 CET [2025/08/29 10:43:46 ET]
Table 'Arneb' 6-max Seat #1 is the button
Seat 1: pipinoelbreve9 (€2.06 in chips) 
Seat 2: flamencolega (€5.85 in chips) 
Seat 3: candarias (€0.45 in chips) 
Seat 4: RAICKERS (€2.17 in chips) 
Seat 5: The_Qualm (€2 in chips) 
Seat 6: eneko83 (€5.08 in chips) 
flamencolega: posts small blind €0.01
candarias: posts big blind €0.02
*** HOLE CARDS ***
Dealt to pipinoelbreve9 [4c 2s]
RAICKERS: raises €0.02 to €0.04
The_Qualm: folds 
eneko83: calls €0.04
pipinoelbreve9: folds 
flamencolega: folds 
candarias: folds 
*** FLOP *** [8h 6c Kh]
RAICKERS: checks 
eneko83: checks 
*** TURN *** [8h 6c Kh] [5s]
RAICKERS: checks 
eneko83: bets €0.10
RAICKERS: folds 
Uncalled bet (€0.10) returned to eneko83
eneko83 collected €0.10 from pot
eneko83: doesn't show hand 
*** SUMMARY ***
Total pot €0.11 | Rake €0.01 
Board [8h 6c Kh 5s]
Seat 1: pipinoelbreve9 (button) folded before Flop (didn't bet)
Seat 2: flamencolega (small blind) folded before Flop
Seat 3: candarias (big blind) folded before Flop
Seat 4: RAICKERS folded on the Turn
Seat 5: The_Qualm folded before Flop (didn't bet)
Seat 6: eneko83 collected (€0.10)



PokerStars Zoom Hand #257531093329:  Hold'em No Limit (€0.01/€0.02) - 2025/08/29 16:43:57 CET [2025/08/29 10:43:57 ET]
Table 'Arneb' 6-max Seat #1 is the button
Seat 1: hovsjo (€2.94 in chips) 
Seat 2: alvaromartii (€0.31 in chips) 
Seat 3: pipinoelbreve9 (€2.06 in chips) 
Seat 4: A.montes1993 (€4.64 in chips) 
Seat 5: Utusuchaz (€3.08 in chips) 
Seat 6: Rood Gun (€2.29 in chips) 
alvaromartii: posts small blind €0.01
pipinoelbreve9: posts big blind €0.02
*** HOLE CARDS ***
Dealt to pipinoelbreve9 [8c 7c]
A.montes1993: calls €0.02
Utusuchaz: folds 
Rood Gun: calls €0.02
hovsjo: folds 
alvaromartii: calls €0.01
pipinoelbreve9: raises €0.08 to €0.10
A.montes1993: calls €0.08
Rood Gun: folds 
alvaromartii: calls €0.08
*** FLOP *** [9s Td 2d]
alvaromartii: checks 
pipinoelbreve9: bets €0.15
A.montes1993: calls €0.15
alvaromartii: raises €0.06 to €0.21 and is all-in
pipinoelbreve9: calls €0.06
A.montes1993: calls €0.06
*** TURN *** [9s Td 2d] [7s]
pipinoelbreve9: checks 
A.montes1993: checks 
*** RIVER *** [9s Td 2d 7s] [2c]
pipinoelbreve9: checks 
A.montes1993: bets €0.45
pipinoelbreve9: folds 
Uncalled bet (€0.45) returned to A.montes1993
*** SHOW DOWN ***
A.montes1993: shows [Js 9h] (two pair, Nines and Deuces)
alvaromartii: shows [Jd Ac] (a pair of Deuces)
A.montes1993 collected €0.90 from pot
*** SUMMARY ***
Total pot €0.95 | Rake €0.05 
Board [9s Td 2d 7s 2c]
Seat 1: hovsjo (button) folded before Flop (didn't bet)
Seat 2: alvaromartii (small blind) showed [Jd Ac] and lost with a pair of Deuces
Seat 3: pipinoelbreve9 (big blind) folded on the River
Seat 4: A.montes1993 showed [Js 9h] and won (€0.90) with two pair, Nines and Deuces
Seat 5: Utusuchaz folded before Flop (didn't bet)
Seat 6: Rood Gun folded before Flop



PokerStars Zoom Hand #257531103794:  Hold'em No Limit (€0.01/€0.02) - 2025/08/29 16:44:58 CET [2025/08/29 10:44:58 ET]
Table 'Arneb' 6-max Seat #1 is the button
Seat 1: juanlu2000china (€1.56 in chips) 
Seat 2: pipinoelbreve9 (€2 in chips) 
Seat 3: eric stl 196 (€1.53 in chips) 
Seat 4: AArrnnoolldd (€2.23 in chips) 
Seat 5: flamencolega (€5.64 in chips) 
Seat 6: HEAVEN KID (€6.31 in chips) 
pipinoelbreve9: posts small blind €0.01
eric stl 196: posts big blind €0.02
*** HOLE CARDS ***
Dealt to pipinoelbreve9 [4h 2d]
AArrnnoolldd: folds 
flamencolega: folds 
HEAVEN KID: folds 
juanlu2000china: folds 
pipinoelbreve9: folds 
Uncalled bet (€0.01) returned to eric stl 196
eric stl 196 collected €0.02 from pot
eric stl 196: doesn't show hand 
*** SUMMARY ***
Total pot €0.02 | Rake €0 
Seat 1: juanlu2000china (button) folded before Flop (didn't bet)
Seat 2: pipinoelbreve9 (small blind) folded before Flop
Seat 3: eric stl 196 (big blind) collected (€0.02)
Seat 4: AArrnnoolldd folded before Flop (didn't bet)
Seat 5: flamencolega folded before Flop (didn't bet)
Seat 6: HEAVEN KID folded before Flop (didn't bet)



PokerStars Zoom Hand #257531107282:  Hold'em No Limit (€0.01/€0.02) - 2025/08/29 16:45:19 CET [2025/08/29 10:45:19 ET]
Table 'Arneb' 6-max Seat #1 is the button
Seat 1: Utusuchaz (€2 in chips) 
Seat 2: eneko83 (€5.05 in chips) 
Seat 3: aixosi (€1.81 in chips) 
Seat 4: AArrnnoolldd (€2.22 in chips) 
Seat 5: UMP8 (€2 in chips) 
Seat 6: pipinoelbreve9 (€2 in chips) 
eneko83: posts small blind €0.01
aixosi: posts big blind €0.02
*** HOLE CARDS ***
Dealt to pipinoelbreve9 [8s 8c]
AArrnnoolldd: folds 
UMP8: folds 
pipinoelbreve9: raises €0.04 to €0.06
Utusuchaz: folds 
eneko83: folds 
aixosi: folds 
Uncalled bet (€0.04) returned to pipinoelbreve9
pipinoelbreve9 collected €0.05 from pot
pipinoelbreve9: doesn't show hand 
*** SUMMARY ***
Total pot €0.05 | Rake €0 
Seat 1: Utusuchaz (button) folded before Flop (didn't bet)
Seat 2: eneko83 (small blind) folded before Flop
Seat 3: aixosi (big blind) folded before Flop
Seat 4: AArrnnoolldd folded before Flop (didn't bet)
Seat 5: UMP8 folded before Flop (didn't bet)
Seat 6: pipinoelbreve9 collected (€0.05)



PokerStars Zoom Hand #257531104460:  Hold'em No Limit (€0.01/€0.02) - 2025/08/29 16:45:02 CET [2025/08/29 10:45:02 ET]
Table 'Arneb' 6-max Seat #1 is the button
Seat 1: pipinoelbreve9 (€2 in chips) 
Seat 2: salva river (€1.63 in chips) 
Seat 3: Rood Gun (€1.99 in chips) 
Seat 4: guitimsa (€2.04 in chips) 
Seat 5: Utusuchaz (€2.04 in chips) 
Seat 6: juanlu2000china (€1.56 in chips) 
salva river: posts small blind €0.01
Rood Gun: posts big blind €0.02
*** HOLE CARDS ***
Dealt to pipinoelbreve9 [Js 5d]
guitimsa: raises €0.02 to €0.04
Utusuchaz: folds 
juanlu2000china: calls €0.04
pipinoelbreve9: folds 
salva river: folds 
Rood Gun: calls €0.02
*** FLOP *** [3c 4d 2c]
Rood Gun: checks 
guitimsa: checks 
juanlu2000china: checks 
*** TURN *** [3c 4d 2c] [6h]
Rood Gun: bets €0.07
guitimsa: calls €0.07
juanlu2000china: folds 
*** RIVER *** [3c 4d 2c 6h] [Ad]
Rood Gun: bets €0.17
guitimsa: folds 
Uncalled bet (€0.17) returned to Rood Gun
Rood Gun collected €0.26 from pot
Rood Gun: doesn't show hand 
*** SUMMARY ***
Total pot €0.27 | Rake €0.01 
Board [3c 4d 2c 6h Ad]
Seat 1: pipinoelbreve9 (button) folded before Flop (didn't bet)
Seat 2: salva river (small blind) folded before Flop
Seat 3: Rood Gun (big blind) collected (€0.26)
Seat 4: guitimsa folded on the River
Seat 5: Utusuchaz folded before Flop (didn't bet)
Seat 6: juanlu2000china folded on the Turn



PokerStars Zoom Hand #257531109314:  Hold'em No Limit (€0.01/€0.02) - 2025/08/29 16:45:31 CET [2025/08/29 10:45:31 ET]
Table 'Arneb' 6-max Seat #1 is the button
Seat 1: chiinche (€2.07 in chips) 
Seat 2: McMack626 (€2.10 in chips) 
Seat 3: angel9508m (€4.56 in chips) 
Seat 4: Manquete1 (€1.02 in chips) 
Seat 5: pipinoelbreve9 (€2.03 in chips) 
Seat 6: FishamanReggae (€0.86 in chips) 
McMack626: posts small blind €0.01
angel9508m: posts big blind €0.02
*** HOLE CARDS ***
Dealt to pipinoelbreve9 [7h 3d]
Manquete1: raises €0.02 to €0.04
pipinoelbreve9: folds 
FishamanReggae: folds 
chiinche: folds 
McMack626: calls €0.03
angel9508m: calls €0.02
*** FLOP *** [Qs 2c Ks]
McMack626: checks 
angel9508m: checks 
Manquete1: bets €0.02
McMack626: folds 
angel9508m: calls €0.02
*** TURN *** [Qs 2c Ks] [9d]
angel9508m: checks 
Manquete1: checks 
*** RIVER *** [Qs 2c Ks 9d] [4c]
angel9508m: checks 
Manquete1: checks 
*** SHOW DOWN ***
angel9508m: shows [8d 8s] (a pair of Eights)
Manquete1: shows [Ad Qh] (a pair of Queens)
Manquete1 collected €0.15 from pot
*** SUMMARY ***
Total pot €0.16 | Rake €0.01 
Board [Qs 2c Ks 9d 4c]
Seat 1: chiinche (button) folded before Flop (didn't bet)
Seat 2: McMack626 (small blind) folded on the Flop
Seat 3: angel9508m (big blind) showed [8d 8s] and lost with a pair of Eights
Seat 4: Manquete1 showed [Ad Qh] and won (€0.15) with a pair of Queens
Seat 5: pipinoelbreve9 folded before Flop (didn't bet)
Seat 6: FishamanReggae folded before Flop (didn't bet)



PokerStars Zoom Hand #257531110076:  Hold'em No Limit (€0.01/€0.02) - 2025/08/29 16:45:36 CET [2025/08/29 10:45:36 ET]
Table 'Arneb' 6-max Seat #1 is the button
Seat 1: hernando44 (€2.02 in chips) 
Seat 2: critsio (€2.46 in chips) 
Seat 3: chiinche (€2.07 in chips) 
Seat 4: pipinoelbreve9 (€2.03 in chips) 
Seat 5: flamencolega (€5.61 in chips) 
Seat 6: Raulete664 (€2.45 in chips) 
critsio: posts small blind €0.01
chiinche: posts big blind €0.02
*** HOLE CARDS ***
Dealt to pipinoelbreve9 [8h 4c]
pipinoelbreve9: folds 
flamencolega: folds 
Raulete664: calls €0.02
hernando44: folds 
critsio: calls €0.01
chiinche: checks 
*** FLOP *** [6d 9s Qs]
critsio: checks 
chiinche: checks 
Raulete664: checks 
*** TURN *** [6d 9s Qs] [5c]
critsio: checks 
chiinche: checks 
Raulete664: checks 
*** RIVER *** [6d 9s Qs 5c] [7c]
critsio: checks 
chiinche: checks 
Raulete664: checks 
*** SHOW DOWN ***
critsio: shows [Td 4s] (high card Queen)
chiinche: shows [Ac 7s] (a pair of Sevens)
Raulete664: mucks hand 
chiinche collected €0.06 from pot
*** SUMMARY ***
Total pot €0.06 | Rake €0 
Board [6d 9s Qs 5c 7c]
Seat 1: hernando44 (button) folded before Flop (didn't bet)
Seat 2: critsio (small blind) showed [Td 4s] and lost with high card Queen
Seat 3: chiinche (big blind) showed [Ac 7s] and won (€0.06) with a pair of Sevens
Seat 4: pipinoelbreve9 folded before Flop (didn't bet)
Seat 5: flamencolega folded before Flop (didn't bet)
Seat 6: Raulete664 mucked [Th Ad]



PokerStars Zoom Hand #257531110733:  Hold'em No Limit (€0.01/€0.02) - 2025/08/29 16:45:39 CET [2025/08/29 10:45:39 ET]
Table 'Arneb' 6-max Seat #1 is the button
Seat 1: AceGurb (€2.88 in chips) 
Seat 2: The_Qualm (€2.06 in chips) 
Seat 3: pipinoelbreve9 (€2.03 in chips) 
Seat 4: AlexRoulette (€2.77 in chips) 
Seat 5: maximus_powah (€2.79 in chips) 
Seat 6: guitimsa (€2.09 in chips) 
The_Qualm: posts small blind €0.01
pipinoelbreve9: posts big blind €0.02
*** HOLE CARDS ***
Dealt to pipinoelbreve9 [3d Ad]
AlexRoulette: folds 
maximus_powah: folds 
guitimsa has timed out
guitimsa: folds 
AceGurb: folds 
The_Qualm: calls €0.01
pipinoelbreve9: raises €0.08 to €0.10
The_Qualm: folds 
Uncalled bet (€0.08) returned to pipinoelbreve9
pipinoelbreve9 collected €0.04 from pot
pipinoelbreve9: doesn't show hand 
*** SUMMARY ***
Total pot €0.04 | Rake €0 
Seat 1: AceGurb (button) folded before Flop (didn't bet)
Seat 2: The_Qualm (small blind) folded before Flop
Seat 3: pipinoelbreve9 (big blind) collected (€0.04)
Seat 4: AlexRoulette folded before Flop (didn't bet)
Seat 5: maximus_powah folded before Flop (didn't bet)
Seat 6: guitimsa folded before Flop (didn't bet)



PokerStars Zoom Hand #257531117988:  Hold'em No Limit (€0.01/€0.02) - 2025/08/29 16:46:22 CET [2025/08/29 10:46:22 ET]
Table 'Arneb' 6-max Seat #1 is the button
Seat 1: mandru80 (€1 in chips) 
Seat 2: pipinoelbreve9 (€2.05 in chips) 
Seat 3: Canfron (€2 in chips) 
Seat 4: McMack626 (€1.37 in chips) 
Seat 5: angel9508m (€5.36 in chips) 
Seat 6: The_Qualm (€2.04 in chips) 
pipinoelbreve9: posts small blind €0.01
Canfron: posts big blind €0.02
*** HOLE CARDS ***
Dealt to pipinoelbreve9 [Qc Qd]
McMack626 is disconnected 
McMack626 has timed out while disconnected
McMack626: folds 
angel9508m: folds 
The_Qualm: folds 
mandru80: folds 
pipinoelbreve9: raises €0.04 to €0.06
Canfron: raises €0.12 to €0.18
pipinoelbreve9: calls €0.12
*** FLOP *** [Ah 3h 7s]
pipinoelbreve9: checks 
Canfron: bets €0.14
pipinoelbreve9: calls €0.14
*** TURN *** [Ah 3h 7s] [7c]
pipinoelbreve9: checks 
Canfron: checks 
*** RIVER *** [Ah 3h 7s 7c] [4d]
pipinoelbreve9: checks 
Canfron: checks 
*** SHOW DOWN ***
pipinoelbreve9: shows [Qc Qd] (two pair, Queens and Sevens)
Canfron: mucks hand 
pipinoelbreve9 collected €0.61 from pot
*** SUMMARY ***
Total pot €0.64 | Rake €0.03 
Board [Ah 3h 7s 7c 4d]
Seat 1: mandru80 (button) folded before Flop (didn't bet)
Seat 2: pipinoelbreve9 (small blind) showed [Qc Qd] and won (€0.61) with two pair, Queens and Sevens
Seat 3: Canfron (big blind) mucked [8h 8c]
Seat 4: McMack626 folded before Flop (didn't bet)
Seat 5: angel9508m folded before Flop (didn't bet)
Seat 6: The_Qualm folded before Flop (didn't bet)



PokerStars Zoom Hand #257531128813:  Hold'em No Limit (€0.01/€0.02) - 2025/08/29 16:47:26 CET [2025/08/29 10:47:26 ET]
Table 'Arneb' 6-max Seat #1 is the button
Seat 1: pipinoelbreve9 (€2.34 in chips) 
Seat 2: guitimsa (€2 in chips) 
Seat 3: salva river (€2.52 in chips) 
Seat 4: Areny_Sole (€1.51 in chips) 
Seat 5: nandovf11 (€1.81 in chips) 
Seat 6: aixosi (€1.64 in chips) 
guitimsa: posts small blind €0.01
salva river: posts big blind €0.02
*** HOLE CARDS ***
Dealt to pipinoelbreve9 [8d 2d]
Areny_Sole: folds 
nandovf11: folds 
aixosi: folds 
pipinoelbreve9: folds 
guitimsa: folds 
Uncalled bet (€0.01) returned to salva river
salva river collected €0.02 from pot
salva river: doesn't show hand 
*** SUMMARY ***
Total pot €0.02 | Rake €0 
Seat 1: pipinoelbreve9 (button) folded before Flop (didn't bet)
Seat 2: guitimsa (small blind) folded before Flop
Seat 3: salva river (big blind) collected (€0.02)
Seat 4: Areny_Sole folded before Flop (didn't bet)
Seat 5: nandovf11 folded before Flop (didn't bet)
Seat 6: aixosi folded before Flop (didn't bet)



PokerStars Zoom Hand #257531129970:  Hold'em No Limit (€0.01/€0.02) - 2025/08/29 16:47:33 CET [2025/08/29 10:47:33 ET]
Table 'Arneb' 6-max Seat #1 is the button
Seat 1: maximus_powah (€3.39 in chips) 
Seat 2: Freedoom67 (€2.12 in chips) 
Seat 3: eric stl 196 (€1.72 in chips) 
Seat 4: kenyxXx69 (€5.97 in chips) 
Seat 5: pipinoelbreve9 (€2.34 in chips) 
Seat 6: FishamanReggae (€0.73 in chips) 
Freedoom67: posts small blind €0.01
eric stl 196: posts big blind €0.02
*** HOLE CARDS ***
Dealt to pipinoelbreve9 [2h Js]
kenyxXx69: folds 
pipinoelbreve9: folds 
FishamanReggae: folds 
maximus_powah: folds 
Freedoom67: folds 
Uncalled bet (€0.01) returned to eric stl 196
eric stl 196 collected €0.02 from pot
eric stl 196: doesn't show hand 
*** SUMMARY ***
Total pot €0.02 | Rake €0 
Seat 1: maximus_powah (button) folded before Flop (didn't bet)
Seat 2: Freedoom67 (small blind) folded before Flop
Seat 3: eric stl 196 (big blind) collected (€0.02)
Seat 4: kenyxXx69 folded before Flop (didn't bet)
Seat 5: pipinoelbreve9 folded before Flop (didn't bet)
Seat 6: FishamanReggae folded before Flop (didn't bet)



PokerStars Zoom Hand #257531127360:  Hold'em No Limit (€0.01/€0.02) - 2025/08/29 16:47:17 CET [2025/08/29 10:47:17 ET]
Table 'Arneb' 6-max Seat #1 is the button
Seat 1: maximus_powah (€2.76 in chips) 
Seat 2: Canfron (€2 in chips) 
Seat 3: PauloATDias (€1.90 in chips) 
Seat 4: LGC04 (€2.66 in chips) 
Seat 5: pingu_771 (€2.07 in chips) 
Seat 6: pipinoelbreve9 (€2.34 in chips) 
Canfron: posts small blind €0.01
PauloATDias: posts big blind €0.02
*** HOLE CARDS ***
Dealt to pipinoelbreve9 [3c Kc]
LGC04: raises €0.02 to €0.04
pingu_771: folds 
pipinoelbreve9: folds 
maximus_powah: folds 
Canfron: folds 
PauloATDias: calls €0.02
*** FLOP *** [3d Th 5d]
PauloATDias: checks 
LGC04: checks 
*** TURN *** [3d Th 5d] [Qc]
PauloATDias: bets €0.05
LGC04: calls €0.05
*** RIVER *** [3d Th 5d Qc] [3h]
PauloATDias: bets €0.09
LGC04: calls €0.09
*** SHOW DOWN ***
PauloATDias: shows [Ts Tc] (a full house, Tens full of Threes)
LGC04: mucks hand 
PauloATDias collected €0.35 from pot
*** SUMMARY ***
Total pot €0.37 | Rake €0.02 
Board [3d Th 5d Qc 3h]
Seat 1: maximus_powah (button) folded before Flop (didn't bet)
Seat 2: Canfron (small blind) folded before Flop
Seat 3: PauloATDias (big blind) showed [Ts Tc] and won (€0.35) with a full house, Tens full of Threes
Seat 4: LGC04 mucked [Qd Jh]
Seat 5: pingu_771 folded before Flop (didn't bet)
Seat 6: pipinoelbreve9 folded before Flop (didn't bet)



PokerStars Zoom Hand #257531131782:  Hold'em No Limit (€0.01/€0.02) - 2025/08/29 16:47:44 CET [2025/08/29 10:47:44 ET]
Table 'Arneb' 6-max Seat #1 is the button
Seat 1: benig2356 (€1.70 in chips) 
Seat 2: AceGurb (€2.12 in chips) 
Seat 3: VEGAMAR (€2 in chips) 
Seat 4: maximus_powah (€3.39 in chips) 
Seat 5: The_Qualm (€2.12 in chips) 
Seat 6: pipinoelbreve9 (€2.34 in chips) 
AceGurb: posts small blind €0.01
VEGAMAR: posts big blind €0.02
*** HOLE CARDS ***
Dealt to pipinoelbreve9 [Tc 9c]
maximus_powah: folds 
The_Qualm: folds 
pipinoelbreve9: raises €0.04 to €0.06
benig2356: folds 
AceGurb: folds 
VEGAMAR: folds 
Uncalled bet (€0.04) returned to pipinoelbreve9
pipinoelbreve9 collected €0.05 from pot
pipinoelbreve9: doesn't show hand 
*** SUMMARY ***
Total pot €0.05 | Rake €0 
Seat 1: benig2356 (button) folded before Flop (didn't bet)
Seat 2: AceGurb (small blind) folded before Flop
Seat 3: VEGAMAR (big blind) folded before Flop
Seat 4: maximus_powah folded before Flop (didn't bet)
Seat 5: The_Qualm folded before Flop (didn't bet)
Seat 6: pipinoelbreve9 collected (€0.05)



PokerStars Zoom Hand #257531130809:  Hold'em No Limit (€0.01/€0.02) - 2025/08/29 16:47:38 CET [2025/08/29 10:47:38 ET]
Table 'Arneb' 6-max Seat #1 is the button
Seat 1: hovsjo (€1.77 in chips) 
Seat 2: guitimsa (€2 in chips) 
Seat 3: Tom8724 (€1 in chips) 
Seat 4: FishamanReggae (€0.73 in chips) 
Seat 5: pipinoelbreve9 (€2.34 in chips) 
Seat 6: Rood Gun (€2.11 in chips) 
guitimsa: posts small blind €0.01
Tom8724: posts big blind €0.02
*** HOLE CARDS ***
Dealt to pipinoelbreve9 [Qs 6h]
FishamanReggae: calls €0.02
pipinoelbreve9: folds 
Rood Gun: folds 
hovsjo: calls €0.02
guitimsa: folds 
Tom8724: checks 
*** FLOP *** [Jd 6d 5d]
Tom8724: checks 
FishamanReggae: checks 
hovsjo: checks 
*** TURN *** [Jd 6d 5d] [Ah]
Tom8724: checks 
FishamanReggae: checks 
hovsjo: checks 
*** RIVER *** [Jd 6d 5d Ah] [Th]
Tom8724: checks 
FishamanReggae: bets €0.07
hovsjo: folds 
Tom8724: folds 
Uncalled bet (€0.07) returned to FishamanReggae
FishamanReggae collected €0.07 from pot
FishamanReggae: doesn't show hand 
*** SUMMARY ***
Total pot €0.07 | Rake €0 
Board [Jd 6d 5d Ah Th]
Seat 1: hovsjo (button) folded on the River
Seat 2: guitimsa (small blind) folded before Flop
Seat 3: Tom8724 (big blind) folded on the River
Seat 4: FishamanReggae collected (€0.07)
Seat 5: pipinoelbreve9 folded before Flop (didn't bet)
Seat 6: Rood Gun folded before Flop (didn't bet)



PokerStars Zoom Hand #257531136268:  Hold'em No Limit (€0.01/€0.02) - 2025/08/29 16:48:10 CET [2025/08/29 10:48:10 ET]
Table 'Arneb' 6-max Seat #1 is the button
Seat 1: guitimsa (€2 in chips) 
Seat 2: Utusuchaz (€2 in chips) 
Seat 3: pipinoelbreve9 (€2.37 in chips) 
Seat 4: hernando44 (€2 in chips) 
Seat 5: benig2356 (€1.70 in chips) 
Seat 6: XXXJAVIXXX14 (€2.60 in chips) 
Utusuchaz: posts small blind €0.01
pipinoelbreve9: posts big blind €0.02
*** HOLE CARDS ***
Dealt to pipinoelbreve9 [Jc 8c]
hernando44: raises €0.04 to €0.06
benig2356: folds 
XXXJAVIXXX14: folds 
guitimsa: folds 
Utusuchaz: folds 
pipinoelbreve9: calls €0.04
*** FLOP *** [2c 8s Ah]
pipinoelbreve9: checks 
hernando44: bets €0.06
pipinoelbreve9: calls €0.06
*** TURN *** [2c 8s Ah] [6h]
pipinoelbreve9: checks 
hernando44: checks 
*** RIVER *** [2c 8s Ah 6h] [Jh]
pipinoelbreve9: bets €0.12
hernando44: folds 
Uncalled bet (€0.12) returned to pipinoelbreve9
pipinoelbreve9 collected €0.24 from pot
pipinoelbreve9: doesn't show hand 
*** SUMMARY ***
Total pot €0.25 | Rake €0.01 
Board [2c 8s Ah 6h Jh]
Seat 1: guitimsa (button) folded before Flop (didn't bet)
Seat 2: Utusuchaz (small blind) folded before Flop
Seat 3: pipinoelbreve9 (big blind) collected (€0.24)
Seat 4: hernando44 folded on the River
Seat 5: benig2356 folded before Flop (didn't bet)
Seat 6: XXXJAVIXXX14 folded before Flop (didn't bet)



PokerStars Zoom Hand #257531141836:  Hold'em No Limit (€0.01/€0.02) - 2025/08/29 16:48:44 CET [2025/08/29 10:48:44 ET]
Table 'Arneb' 6-max Seat #1 is the button
Seat 1: Canfron (€2.08 in chips) 
Seat 2: pipinoelbreve9 (€2.49 in chips) 
Seat 3: hernando44 (€2 in chips) 
Seat 4: candarias (€4.58 in chips) 
Seat 5: manolo1953 (€1.55 in chips) 
Seat 6: AceGurb (€2.91 in chips) 
pipinoelbreve9: posts small blind €0.01
hernando44: posts big blind €0.02
*** HOLE CARDS ***
Dealt to pipinoelbreve9 [2c Th]
candarias: folds 
manolo1953: folds 
AceGurb: folds 
Canfron: raises €0.04 to €0.06
pipinoelbreve9: folds 
hernando44: folds 
Uncalled bet (€0.04) returned to Canfron
Canfron collected €0.05 from pot
Canfron: doesn't show hand 
*** SUMMARY ***
Total pot €0.05 | Rake €0 
Seat 1: Canfron (button) collected (€0.05)
Seat 2: pipinoelbreve9 (small blind) folded before Flop
Seat 3: hernando44 (big blind) folded before Flop
Seat 4: candarias folded before Flop (didn't bet)
Seat 5: manolo1953 folded before Flop (didn't bet)
Seat 6: AceGurb folded before Flop (didn't bet)



PokerStars Zoom Hand #257531142550:  Hold'em No Limit (€0.01/€0.02) - 2025/08/29 16:48:48 CET [2025/08/29 10:48:48 ET]
Table 'Arneb' 6-max Seat #1 is the button
Seat 1: pipinoelbreve9 (€2.48 in chips) 
Seat 2: kenyxXx69 (€5.92 in chips) 
Seat 3: FishamanReggae (€0.77 in chips) 
Seat 4: jlf06ps (€0.41 in chips) 
Seat 5: Jesusnpt1 (€2 in chips) 
Seat 6: chiinche (€2.18 in chips) 
kenyxXx69: posts small blind €0.01
FishamanReggae: posts big blind €0.02
*** HOLE CARDS ***
Dealt to pipinoelbreve9 [Ac Tc]
jlf06ps: raises €0.39 to €0.41 and is all-in
Jesusnpt1: folds 
chiinche: folds 
pipinoelbreve9: calls €0.41
kenyxXx69: folds 
FishamanReggae: folds 
*** FLOP *** [Jd 3h 7s]
*** TURN *** [Jd 3h 7s] [Jh]
*** RIVER *** [Jd 3h 7s Jh] [6d]
*** SHOW DOWN ***
jlf06ps: shows [Td 3c] (two pair, Jacks and Threes)
pipinoelbreve9: shows [Ac Tc] (a pair of Jacks)
jlf06ps collected €0.81 from pot
*** SUMMARY ***
Total pot €0.85 | Rake €0.04 
Board [Jd 3h 7s Jh 6d]
Seat 1: pipinoelbreve9 (button) showed [Ac Tc] and lost with a pair of Jacks
Seat 2: kenyxXx69 (small blind) folded before Flop
Seat 3: FishamanReggae (big blind) folded before Flop
Seat 4: jlf06ps showed [Td 3c] and won (€0.81) with two pair, Jacks and Threes
Seat 5: Jesusnpt1 folded before Flop (didn't bet)
Seat 6: chiinche folded before Flop (didn't bet)



PokerStars Zoom Hand #257531145774:  Hold'em No Limit (€0.01/€0.02) - 2025/08/29 16:49:08 CET [2025/08/29 10:49:08 ET]
Table 'Arneb' 6-max Seat #1 is the button
Seat 1: bobbymoreno7 (€1.07 in chips) 
Seat 2: linto2800 (€2.06 in chips) 
Seat 3: PauloATDias (€2 in chips) 
Seat 4: pipinoelbreve9 (€2.07 in chips) 
Seat 5: hernando44 (€2 in chips) 
Seat 6: nandovf11 (€1.84 in chips) 
linto2800: posts small blind €0.01
PauloATDias: posts big blind €0.02
*** HOLE CARDS ***
Dealt to pipinoelbreve9 [Jc 9s]
pipinoelbreve9: folds 
hernando44: raises €0.04 to €0.06
nandovf11: folds 
bobbymoreno7: folds 
linto2800: folds 
PauloATDias: calls €0.04
*** FLOP *** [8h Kd 4h]
PauloATDias: checks 
hernando44: bets €0.06
PauloATDias: folds 
Uncalled bet (€0.06) returned to hernando44
hernando44 collected €0.12 from pot
hernando44: doesn't show hand 
*** SUMMARY ***
Total pot €0.13 | Rake €0.01 
Board [8h Kd 4h]
Seat 1: bobbymoreno7 (button) folded before Flop (didn't bet)
Seat 2: linto2800 (small blind) folded before Flop
Seat 3: PauloATDias (big blind) folded on the Flop
Seat 4: pipinoelbreve9 folded before Flop (didn't bet)
Seat 5: hernando44 collected (€0.12)
Seat 6: nandovf11 folded before Flop (didn't bet)



PokerStars Zoom Hand #257531146535:  Hold'em No Limit (€0.01/€0.02) - 2025/08/29 16:49:13 CET [2025/08/29 10:49:13 ET]
Table 'Arneb' 6-max Seat #1 is the button
Seat 1: nandovf11 (€1.84 in chips) 
Seat 2: Phamtom123 (€0.90 in chips) 
Seat 3: maximus_powah (€3.63 in chips) 
Seat 4: pipinoelbreve9 (€2.07 in chips) 
Seat 5: philippe891 (€3.16 in chips) 
Seat 6: Utusuchaz (€2.03 in chips) 
Phamtom123: posts small blind €0.01
maximus_powah: posts big blind €0.02
*** HOLE CARDS ***
Dealt to pipinoelbreve9 [3s Jh]
pipinoelbreve9: folds 
philippe891: folds 
Utusuchaz: folds 
nandovf11: folds 
Phamtom123: calls €0.01
maximus_powah: checks 
*** FLOP *** [Th Tc 8h]
Phamtom123: checks 
maximus_powah: checks 
*** TURN *** [Th Tc 8h] [7d]
Phamtom123: checks 
maximus_powah: bets €0.03
Phamtom123: folds 
Uncalled bet (€0.03) returned to maximus_powah
maximus_powah collected €0.04 from pot
maximus_powah: doesn't show hand 
*** SUMMARY ***
Total pot €0.04 | Rake €0 
Board [Th Tc 8h 7d]
Seat 1: nandovf11 (button) folded before Flop (didn't bet)
Seat 2: Phamtom123 (small blind) folded on the Turn
Seat 3: maximus_powah (big blind) collected (€0.04)
Seat 4: pipinoelbreve9 folded before Flop (didn't bet)
Seat 5: philippe891 folded before Flop (didn't bet)
Seat 6: Utusuchaz folded before Flop (didn't bet)



PokerStars Zoom Hand #257531147422:  Hold'em No Limit (€0.01/€0.02) - 2025/08/29 16:49:18 CET [2025/08/29 10:49:18 ET]
Table 'Arneb' 6-max Seat #1 is the button
Seat 1: Tom8724 (€0.96 in chips) 
Seat 2: AlexRoulette (€2.43 in chips) 
Seat 3: Utusuchaz (€4 in chips) 
Seat 4: philippe891 (€3.16 in chips) 
Seat 5: nandovf11 (€1.84 in chips) 
Seat 6: pipinoelbreve9 (€2.07 in chips) 
AlexRoulette: posts small blind €0.01
Utusuchaz: posts big blind €0.02
*** HOLE CARDS ***
Dealt to pipinoelbreve9 [Ad Ac]
philippe891: raises €0.04 to €0.06
nandovf11: folds 
pipinoelbreve9: raises €0.12 to €0.18
Tom8724: folds 
AlexRoulette: folds 
Utusuchaz: folds 
philippe891: calls €0.12
*** FLOP *** [6d 4c 9h]
philippe891: checks 
pipinoelbreve9: bets €0.19
philippe891: folds 
Uncalled bet (€0.19) returned to pipinoelbreve9
pipinoelbreve9 collected €0.37 from pot
pipinoelbreve9: doesn't show hand 
*** SUMMARY ***
Total pot €0.39 | Rake €0.02 
Board [6d 4c 9h]
Seat 1: Tom8724 (button) folded before Flop (didn't bet)
Seat 2: AlexRoulette (small blind) folded before Flop
Seat 3: Utusuchaz (big blind) folded before Flop
Seat 4: philippe891 folded on the Flop
Seat 5: nandovf11 folded before Flop (didn't bet)
Seat 6: pipinoelbreve9 collected (€0.37)



PokerStars Zoom Hand #257531155518:  Hold'em No Limit (€0.01/€0.02) - 2025/08/29 16:50:07 CET [2025/08/29 10:50:07 ET]
Table 'Arneb' 6-max Seat #1 is the button
Seat 1: Milo1977 (€2.03 in chips) 
Seat 2: Rood Gun (€2.54 in chips) 
Seat 3: aixosi (€1.71 in chips) 
Seat 4: pipinoelbreve9 (€2.26 in chips) 
Seat 5: chiinche (€2.21 in chips) 
Seat 6: R.Deschain26 (€2.03 in chips) 
Rood Gun: posts small blind €0.01
aixosi: posts big blind €0.02
*** HOLE CARDS ***
Dealt to pipinoelbreve9 [Tc 5h]
pipinoelbreve9: folds 
chiinche: folds 
R.Deschain26: folds 
Milo1977: folds 
Rood Gun: calls €0.01
aixosi: raises €0.04 to €0.06
Rood Gun: calls €0.04
*** FLOP *** [Jd 8c Ad]
Rood Gun: checks 
aixosi: bets €0.04
Rood Gun: calls €0.04
*** TURN *** [Jd 8c Ad] [Js]
Rood Gun: checks 
aixosi: bets €0.10
Rood Gun: calls €0.10
*** RIVER *** [Jd 8c Ad Js] [2h]
Rood Gun: bets €0.27
aixosi: calls €0.27
*** SHOW DOWN ***
Rood Gun: shows [Jh 9h] (three of a kind, Jacks)
aixosi: mucks hand 
Rood Gun collected €0.89 from pot
*** SUMMARY ***
Total pot €0.94 | Rake €0.05 
Board [Jd 8c Ad Js 2h]
Seat 1: Milo1977 (button) folded before Flop (didn't bet)
Seat 2: Rood Gun (small blind) showed [Jh 9h] and won (€0.89) with three of a kind, Jacks
Seat 3: aixosi (big blind) mucked [Ah Th]
Seat 4: pipinoelbreve9 folded before Flop (didn't bet)
Seat 5: chiinche folded before Flop (didn't bet)
Seat 6: R.Deschain26 folded before Flop (didn't bet)



PokerStars Zoom Hand #257531156514:  Hold'em No Limit (€0.01/€0.02) - 2025/08/29 16:50:13 CET [2025/08/29 10:50:13 ET]
Table 'Arneb' 6-max Seat #1 is the button
Seat 1: FishamanReggae (€0.81 in chips) 
Seat 2: Canfron (€2.08 in chips) 
Seat 3: pipinoelbreve9 (€2.26 in chips) 
Seat 4: didsyl27 (€0.28 in chips) 
Seat 5: manolo1953 (€1.39 in chips) 
Seat 6: hernando44 (€2.15 in chips) 
Canfron: posts small blind €0.01
pipinoelbreve9: posts big blind €0.02
*** HOLE CARDS ***
Dealt to pipinoelbreve9 [Kc 7h]
didsyl27: calls €0.02
manolo1953: folds 
hernando44: folds 
FishamanReggae: folds 
Canfron: folds 
pipinoelbreve9: checks 
*** FLOP *** [Kh 4d 3h]
pipinoelbreve9: bets €0.03
didsyl27: raises €0.03 to €0.06
pipinoelbreve9: calls €0.03
*** TURN *** [Kh 4d 3h] [Ks]
pipinoelbreve9: checks 
didsyl27: bets €0.10
pipinoelbreve9: raises €0.10 to €0.20
didsyl27: calls €0.10 and is all-in
*** RIVER *** [Kh 4d 3h Ks] [Ah]
*** SHOW DOWN ***
pipinoelbreve9: shows [Kc 7h] (three of a kind, Kings)
didsyl27: shows [Kd 5h] (three of a kind, Kings - lower kicker)
pipinoelbreve9 collected €0.54 from pot
*** SUMMARY ***
Total pot €0.57 | Rake €0.03 
Board [Kh 4d 3h Ks Ah]
Seat 1: FishamanReggae (button) folded before Flop (didn't bet)
Seat 2: Canfron (small blind) folded before Flop
Seat 3: pipinoelbreve9 (big blind) showed [Kc 7h] and won (€0.54) with three of a kind, Kings
Seat 4: didsyl27 showed [Kd 5h] and lost with three of a kind, Kings
Seat 5: manolo1953 folded before Flop (didn't bet)
Seat 6: hernando44 folded before Flop (didn't bet)



PokerStars Zoom Hand #257531163445:  Hold'em No Limit (€0.01/€0.02) - 2025/08/29 16:50:54 CET [2025/08/29 10:50:54 ET]
Table 'Arneb' 6-max Seat #1 is the button
Seat 1: Lord_Shivaaa (€2 in chips) 
Seat 2: pipinoelbreve9 (€2.52 in chips) 
Seat 3: chiinche (€2.20 in chips) 
Seat 4: hernando44 (€2.15 in chips) 
Seat 5: Fel2007 (€1.62 in chips) 
Seat 6: HEAVEN KID (€5.51 in chips) 
pipinoelbreve9: posts small blind €0.01
chiinche: posts big blind €0.02
*** HOLE CARDS ***
Dealt to pipinoelbreve9 [9d 8h]
hernando44: folds 
Fel2007: folds 
HEAVEN KID: folds 
Lord_Shivaaa: raises €0.02 to €0.04
pipinoelbreve9: folds 
chiinche: folds 
Uncalled bet (€0.02) returned to Lord_Shivaaa
Lord_Shivaaa collected €0.05 from pot
Lord_Shivaaa: doesn't show hand 
*** SUMMARY ***
Total pot €0.05 | Rake €0 
Seat 1: Lord_Shivaaa (button) collected (€0.05)
Seat 2: pipinoelbreve9 (small blind) folded before Flop
Seat 3: chiinche (big blind) folded before Flop
Seat 4: hernando44 folded before Flop (didn't bet)
Seat 5: Fel2007 folded before Flop (didn't bet)
Seat 6: HEAVEN KID folded before Flop (didn't bet)



PokerStars Zoom Hand #257531165271:  Hold'em No Limit (€0.01/€0.02) - 2025/08/29 16:51:05 CET [2025/08/29 10:51:05 ET]
Table 'Arneb' 6-max Seat #1 is the button
Seat 1: pipinoelbreve9 (€2.51 in chips) 
Seat 2: candarias (€1 in chips) 
Seat 3: LGC04 (€1.71 in chips) 
Seat 4: R.Deschain26 (€2.86 in chips) 
Seat 5: jlf06ps (€0.78 in chips) 
Seat 6: Milo1977 (€2 in chips) 
candarias: posts small blind €0.01
LGC04: posts big blind €0.02
*** HOLE CARDS ***
Dealt to pipinoelbreve9 [3s 9d]
R.Deschain26: folds 
jlf06ps: folds 
Milo1977: raises €0.03 to €0.05
pipinoelbreve9: folds 
candarias: folds 
LGC04: folds 
Uncalled bet (€0.03) returned to Milo1977
Milo1977 collected €0.05 from pot
Milo1977: doesn't show hand 
*** SUMMARY ***
Total pot €0.05 | Rake €0 
Seat 1: pipinoelbreve9 (button) folded before Flop (didn't bet)
Seat 2: candarias (small blind) folded before Flop
Seat 3: LGC04 (big blind) folded before Flop
Seat 4: R.Deschain26 folded before Flop (didn't bet)
Seat 5: jlf06ps folded before Flop (didn't bet)
Seat 6: Milo1977 collected (€0.05)



PokerStars Zoom Hand #257531165927:  Hold'em No Limit (€0.01/€0.02) - 2025/08/29 16:51:09 CET [2025/08/29 10:51:09 ET]
Table 'Arneb' 6-max Seat #1 is the button
Seat 1: jlf06ps (€0.78 in chips) 
Seat 2: A.montes1993 (€1.99 in chips) 
Seat 3: pingu_771 (€2.01 in chips) 
Seat 4: R.Deschain26 (€2.86 in chips) 
Seat 5: pipinoelbreve9 (€2.51 in chips) 
Seat 6: aixosi (€2.22 in chips) 
A.montes1993: posts small blind €0.01
pingu_771: posts big blind €0.02
*** HOLE CARDS ***
Dealt to pipinoelbreve9 [9s Tc]
R.Deschain26: folds 
pipinoelbreve9: folds 
aixosi: folds 
jlf06ps: folds 
A.montes1993: raises €0.02 to €0.04
pingu_771: raises €0.09 to €0.13
A.montes1993: raises €0.09 to €0.22
pingu_771: folds 
Uncalled bet (€0.09) returned to A.montes1993
A.montes1993 collected €0.26 from pot
A.montes1993: doesn't show hand 
*** SUMMARY ***
Total pot €0.26 | Rake €0 
Seat 1: jlf06ps (button) folded before Flop (didn't bet)
Seat 2: A.montes1993 (small blind) collected (€0.26)
Seat 3: pingu_771 (big blind) folded before Flop
Seat 4: R.Deschain26 folded before Flop (didn't bet)
Seat 5: pipinoelbreve9 folded before Flop (didn't bet)
Seat 6: aixosi folded before Flop (didn't bet)



PokerStars Zoom Hand #257531166928:  Hold'em No Limit (€0.01/€0.02) - 2025/08/29 16:51:15 CET [2025/08/29 10:51:15 ET]
Table 'Arneb' 6-max Seat #1 is the button
Seat 1: VEGAMAR (€2.16 in chips) 
Seat 2: R.Deschain26 (€2.86 in chips) 
Seat 3: LGC04 (€3.82 in chips) 
Seat 4: maximus_powah (€2.78 in chips) 
Seat 5: candarias (€0.99 in chips) 
Seat 6: pipinoelbreve9 (€2.51 in chips) 
R.Deschain26: posts small blind €0.01
LGC04: posts big blind €0.02
*** HOLE CARDS ***
Dealt to pipinoelbreve9 [Kc 6c]
maximus_powah: folds 
candarias: folds 
pipinoelbreve9: raises €0.04 to €0.06
VEGAMAR: folds 
R.Deschain26: folds 
LGC04: folds 
Uncalled bet (€0.04) returned to pipinoelbreve9
pipinoelbreve9 collected €0.05 from pot
pipinoelbreve9: doesn't show hand 
*** SUMMARY ***
Total pot €0.05 | Rake €0 
Seat 1: VEGAMAR (button) folded before Flop (didn't bet)
Seat 2: R.Deschain26 (small blind) folded before Flop
Seat 3: LGC04 (big blind) folded before Flop
Seat 4: maximus_powah folded before Flop (didn't bet)
Seat 5: candarias folded before Flop (didn't bet)
Seat 6: pipinoelbreve9 collected (€0.05)



PokerStars Zoom Hand #257531169445:  Hold'em No Limit (€0.01/€0.02) - 2025/08/29 16:51:30 CET [2025/08/29 10:51:30 ET]
Table 'Arneb' 6-max Seat #1 is the button
Seat 1: flamencolega (€4.80 in chips) 
Seat 2: VEGAMAR (€2 in chips) 
Seat 3: pipinoelbreve9 (€2.54 in chips) 
Seat 4: In0sukeFoldz (€4.85 in chips) 
Seat 5: jlf06ps (€0.75 in chips) 
Seat 6: Canfron (€2 in chips) 
VEGAMAR: posts small blind €0.01
pipinoelbreve9: posts big blind €0.02
*** HOLE CARDS ***
Dealt to pipinoelbreve9 [2d 3h]
In0sukeFoldz: folds 
jlf06ps: folds 
Canfron: raises €0.04 to €0.06
flamencolega: folds 
VEGAMAR: folds 
pipinoelbreve9: folds 
Uncalled bet (€0.04) returned to Canfron
Canfron collected €0.05 from pot
Canfron: doesn't show hand 
*** SUMMARY ***
Total pot €0.05 | Rake €0 
Seat 1: flamencolega (button) folded before Flop (didn't bet)
Seat 2: VEGAMAR (small blind) folded before Flop
Seat 3: pipinoelbreve9 (big blind) folded before Flop
Seat 4: In0sukeFoldz folded before Flop (didn't bet)
Seat 5: jlf06ps folded before Flop (didn't bet)
Seat 6: Canfron collected (€0.05)



PokerStars Zoom Hand #257531171377:  Hold'em No Limit (€0.01/€0.02) - 2025/08/29 16:51:42 CET [2025/08/29 10:51:42 ET]
Table 'Arneb' 6-max Seat #1 is the button
Seat 1: Canfron (€2.03 in chips) 
Seat 2: philippe891 (€2.61 in chips) 
Seat 3: The_Qualm (€2.08 in chips) 
Seat 4: pipinoelbreve9 (€2.52 in chips) 
Seat 5: aixosi (€1.37 in chips) 
Seat 6: candarias (€0.24 in chips) 
philippe891: posts small blind €0.01
The_Qualm: posts big blind €0.02
*** HOLE CARDS ***
Dealt to pipinoelbreve9 [Td 4c]
pipinoelbreve9: folds 
aixosi: raises €0.04 to €0.06
candarias: folds 
Canfron: folds 
philippe891: folds 
The_Qualm: folds 
Uncalled bet (€0.04) returned to aixosi
aixosi collected €0.05 from pot
aixosi: doesn't show hand 
*** SUMMARY ***
Total pot €0.05 | Rake €0 
Seat 1: Canfron (button) folded before Flop (didn't bet)
Seat 2: philippe891 (small blind) folded before Flop
Seat 3: The_Qualm (big blind) folded before Flop
Seat 4: pipinoelbreve9 folded before Flop (didn't bet)
Seat 5: aixosi collected (€0.05)
Seat 6: candarias folded before Flop (didn't bet)



PokerStars Zoom Hand #257531172115:  Hold'em No Limit (€0.01/€0.02) - 2025/08/29 16:51:46 CET [2025/08/29 10:51:46 ET]
Table 'Arneb' 6-max Seat #1 is the button
Seat 1: Utusuchaz (€4.18 in chips) 
Seat 2: pipinoelbreve9 (€2.52 in chips) 
Seat 3: kenyxXx69 (€5.90 in chips) 
Seat 4: Manquete1 (€0.93 in chips) 
Seat 5: tdm05 (€2.63 in chips) 
Seat 6: Lord_Shivaaa (€2 in chips) 
pipinoelbreve9: posts small blind €0.01
kenyxXx69: posts big blind €0.02
*** HOLE CARDS ***
Dealt to pipinoelbreve9 [5c Ah]
Manquete1: folds 
tdm05: folds 
Lord_Shivaaa: folds 
Utusuchaz: folds 
pipinoelbreve9: raises €0.04 to €0.06
kenyxXx69: calls €0.04
*** FLOP *** [3d 4h 6d]
pipinoelbreve9: checks 
kenyxXx69: checks 
*** TURN *** [3d 4h 6d] [2c]
pipinoelbreve9: bets €0.06
kenyxXx69: calls €0.06
*** RIVER *** [3d 4h 6d 2c] [Js]
pipinoelbreve9: bets €0.27
kenyxXx69: folds 
Uncalled bet (€0.27) returned to pipinoelbreve9
pipinoelbreve9 collected €0.23 from pot
pipinoelbreve9: doesn't show hand 
*** SUMMARY ***
Total pot €0.24 | Rake €0.01 
Board [3d 4h 6d 2c Js]
Seat 1: Utusuchaz (button) folded before Flop (didn't bet)
Seat 2: pipinoelbreve9 (small blind) collected (€0.23)
Seat 3: kenyxXx69 (big blind) folded on the River
Seat 4: Manquete1 folded before Flop (didn't bet)
Seat 5: tdm05 folded before Flop (didn't bet)
Seat 6: Lord_Shivaaa folded before Flop (didn't bet)



PokerStars Zoom Hand #257531177935:  Hold'em No Limit (€0.01/€0.02) - 2025/08/29 16:52:21 CET [2025/08/29 10:52:21 ET]
Table 'Arneb' 6-max Seat #1 is the button
Seat 1: pipinoelbreve9 (€2.63 in chips) 
Seat 2: nandovf11 (€3.55 in chips) 
Seat 3: angel9508m (€4.06 in chips) 
Seat 4: Milo1977 (€1.92 in chips) 
Seat 5: tdm05 (€2.63 in chips) 
Seat 6: kenyxXx69 (€5.78 in chips) 
nandovf11: posts small blind €0.01
angel9508m: posts big blind €0.02
*** HOLE CARDS ***
Dealt to pipinoelbreve9 [6h 3h]
Milo1977: folds 
tdm05: folds 
kenyxXx69: folds 
pipinoelbreve9: raises €0.04 to €0.06
nandovf11: folds 
angel9508m: folds 
Uncalled bet (€0.04) returned to pipinoelbreve9
pipinoelbreve9 collected €0.05 from pot
pipinoelbreve9: doesn't show hand 
*** SUMMARY ***
Total pot €0.05 | Rake €0 
Seat 1: pipinoelbreve9 (button) collected (€0.05)
Seat 2: nandovf11 (small blind) folded before Flop
Seat 3: angel9508m (big blind) folded before Flop
Seat 4: Milo1977 folded before Flop (didn't bet)
Seat 5: tdm05 folded before Flop (didn't bet)
Seat 6: kenyxXx69 folded before Flop (didn't bet)



PokerStars Zoom Hand #257531180651:  Hold'em No Limit (€0.01/€0.02) - 2025/08/29 16:52:37 CET [2025/08/29 10:52:37 ET]
Table 'Arneb' 6-max Seat #1 is the button
Seat 1: Xenon-FR (€1.58 in chips) 
Seat 2: Utusuchaz (€4.25 in chips) 
Seat 3: gateunas (€2 in chips) 
Seat 4: linto2800 (€1.95 in chips) 
Seat 5: pipinoelbreve9 (€2.66 in chips) 
Seat 6: candarias (€3.36 in chips) 
Utusuchaz: posts small blind €0.01
gateunas: posts big blind €0.02
*** HOLE CARDS ***
Dealt to pipinoelbreve9 [2h 3d]
linto2800: folds 
pipinoelbreve9: folds 
candarias: folds 
Xenon-FR: folds 
Utusuchaz: folds 
Uncalled bet (€0.01) returned to gateunas
gateunas collected €0.02 from pot
gateunas: doesn't show hand 
*** SUMMARY ***
Total pot €0.02 | Rake €0 
Seat 1: Xenon-FR (button) folded before Flop (didn't bet)
Seat 2: Utusuchaz (small blind) folded before Flop
Seat 3: gateunas (big blind) collected (€0.02)
Seat 4: linto2800 folded before Flop (didn't bet)
Seat 5: pipinoelbreve9 folded before Flop (didn't bet)
Seat 6: candarias folded before Flop (didn't bet)



PokerStars Zoom Hand #257531181231:  Hold'em No Limit (€0.01/€0.02) - 2025/08/29 16:52:40 CET [2025/08/29 10:52:40 ET]
Table 'Arneb' 6-max Seat #1 is the button
Seat 1: Freedoom67 (€2.72 in chips) 
Seat 2: gateunas (€2.01 in chips) 
Seat 3: pipinoelbreve9 (€2.66 in chips) 
Seat 4: hovsjo (€1.39 in chips) 
Seat 5: hernando44 (€2.23 in chips) 
Seat 6: Lord_Shivaaa (€2 in chips) 
gateunas: posts small blind €0.01
pipinoelbreve9: posts big blind €0.02
*** HOLE CARDS ***
Dealt to pipinoelbreve9 [8d 4s]
hovsjo: folds 
hernando44: folds 
Lord_Shivaaa: folds 
Freedoom67: raises €0.04 to €0.06
gateunas: folds 
pipinoelbreve9: folds 
Uncalled bet (€0.04) returned to Freedoom67
Freedoom67 collected €0.05 from pot
Freedoom67: doesn't show hand 
*** SUMMARY ***
Total pot €0.05 | Rake €0 
Seat 1: Freedoom67 (button) collected (€0.05)
Seat 2: gateunas (small blind) folded before Flop
Seat 3: pipinoelbreve9 (big blind) folded before Flop
Seat 4: hovsjo folded before Flop (didn't bet)
Seat 5: hernando44 folded before Flop (didn't bet)
Seat 6: Lord_Shivaaa folded before Flop (didn't bet)



PokerStars Zoom Hand #257531179877:  Hold'em No Limit (€0.01/€0.02) - 2025/08/29 16:52:32 CET [2025/08/29 10:52:32 ET]
Table 'Arneb' 6-max Seat #1 is the button
Seat 1: kenyxXx69 (€5.77 in chips) 
Seat 2: LGC04 (€2.18 in chips) 
Seat 3: tdm05 (€2.63 in chips) 
Seat 4: nandovf11 (€3.54 in chips) 
Seat 5: AceGurb (€1.99 in chips) 
Seat 6: pipinoelbreve9 (€2.66 in chips) 
LGC04: posts small blind €0.01
tdm05: posts big blind €0.02
*** HOLE CARDS ***
Dealt to pipinoelbreve9 [Td 2s]
nandovf11: raises €0.05 to €0.07
AceGurb: folds 
pipinoelbreve9: folds 
kenyxXx69: raises €0.05 to €0.12
LGC04: calls €0.11
tdm05: folds 
nandovf11: raises €0.38 to €0.50
kenyxXx69: folds 
LGC04: folds 
Uncalled bet (€0.38) returned to nandovf11
nandovf11 collected €0.38 from pot
nandovf11: doesn't show hand 
*** SUMMARY ***
Total pot €0.38 | Rake €0 
Seat 1: kenyxXx69 (button) folded before Flop
Seat 2: LGC04 (small blind) folded before Flop
Seat 3: tdm05 (big blind) folded before Flop
Seat 4: nandovf11 collected (€0.38)
Seat 5: AceGurb folded before Flop (didn't bet)
Seat 6: pipinoelbreve9 folded before Flop (didn't bet)



PokerStars Zoom Hand #257531183040:  Hold'em No Limit (€0.01/€0.02) - 2025/08/29 16:52:51 CET [2025/08/29 10:52:51 ET]
Table 'Arneb' 6-max Seat #1 is the button
Seat 1: pipinoelbreve9 (€2.64 in chips) 
Seat 2: candarias (€3.36 in chips) 
Seat 3: Ruy Chapéu2 (€2 in chips) 
Seat 4: VEGAMAR (€2.21 in chips) 
Seat 5: The_Qualm (€2.13 in chips) 
Seat 6: PauloATDias (€6.44 in chips) 
candarias: posts small blind €0.01
Ruy Chapéu2: posts big blind €0.02
*** HOLE CARDS ***
Dealt to pipinoelbreve9 [9c 2s]
VEGAMAR: folds 
The_Qualm: folds 
PauloATDias: folds 
pipinoelbreve9: folds 
candarias: calls €0.01
Ruy Chapéu2: checks 
*** FLOP *** [9s 7c Jc]
candarias: bets €0.04
Ruy Chapéu2: folds 
Uncalled bet (€0.04) returned to candarias
candarias collected €0.04 from pot
candarias: doesn't show hand 
*** SUMMARY ***
Total pot €0.04 | Rake €0 
Board [9s 7c Jc]
Seat 1: pipinoelbreve9 (button) folded before Flop (didn't bet)
Seat 2: candarias (small blind) collected (€0.04)
Seat 3: Ruy Chapéu2 (big blind) folded on the Flop
Seat 4: VEGAMAR folded before Flop (didn't bet)
Seat 5: The_Qualm folded before Flop (didn't bet)
Seat 6: PauloATDias folded before Flop (didn't bet)



PokerStars Zoom Hand #257531184719:  Hold'em No Limit (€0.01/€0.02) - 2025/08/29 16:53:01 CET [2025/08/29 10:53:01 ET]
Table 'Arneb' 6-max Seat #1 is the button
Seat 1: candarias (€1.24 in chips) 
Seat 2: pipinoelbreve9 (€2.64 in chips) 
Seat 3: salva river (€1.53 in chips) 
Seat 4: Utusuchaz (€4.22 in chips) 
Seat 5: Lord_Shivaaa (€2 in chips) 
Seat 6: AceGurb (€3.16 in chips) 
pipinoelbreve9: posts small blind €0.01
salva river: posts big blind €0.02
*** HOLE CARDS ***
Dealt to pipinoelbreve9 [5h 5c]
Utusuchaz: folds 
Lord_Shivaaa: folds 
AceGurb: raises €0.03 to €0.05
candarias: folds 
pipinoelbreve9: calls €0.04
salva river: calls €0.03
*** FLOP *** [6c 8h 4c]
pipinoelbreve9: bets €0.07
salva river: calls €0.07
AceGurb: calls €0.07
*** TURN *** [6c 8h 4c] [9c]
pipinoelbreve9: checks 
salva river: checks 
AceGurb: checks 
*** RIVER *** [6c 8h 4c 9c] [Ac]
pipinoelbreve9: bets €0.13
salva river: folds 
AceGurb: folds 
Uncalled bet (€0.13) returned to pipinoelbreve9
pipinoelbreve9 collected €0.34 from pot
pipinoelbreve9: doesn't show hand 
*** SUMMARY ***
Total pot €0.36 | Rake €0.02 
Board [6c 8h 4c 9c Ac]
Seat 1: candarias (button) folded before Flop (didn't bet)
Seat 2: pipinoelbreve9 (small blind) collected (€0.34)
Seat 3: salva river (big blind) folded on the River
Seat 4: Utusuchaz folded before Flop (didn't bet)
Seat 5: Lord_Shivaaa folded before Flop (didn't bet)
Seat 6: AceGurb folded on the River



PokerStars Zoom Hand #257531199669:  Hold'em No Limit (€0.01/€0.02) - 2025/08/29 16:54:28 CET [2025/08/29 10:54:28 ET]
Table 'Arneb' 6-max Seat #1 is the button
Seat 1: Mrjensky (€1.68 in chips) 
Seat 2: maximus_powah (€3.78 in chips) 
Seat 3: aixosi (€3.16 in chips) 
Seat 4: pipinoelbreve9 (€2.86 in chips) 
Seat 5: Freedoom67 (€3.23 in chips) 
Seat 6: gateunas (€2.06 in chips) 
maximus_powah: posts small blind €0.01
aixosi: posts big blind €0.02
*** HOLE CARDS ***
Dealt to pipinoelbreve9 [Kh 3d]
pipinoelbreve9: folds 
Freedoom67: folds 
gateunas: folds 
Mrjensky: calls €0.02
maximus_powah: folds 
aixosi: checks 
*** FLOP *** [7h Jd Qh]
aixosi: bets €0.05
Mrjensky: calls €0.05
*** TURN *** [7h Jd Qh] [Kd]
aixosi: bets €0.04
Mrjensky: raises €0.04 to €0.08
aixosi: folds 
Uncalled bet (€0.04) returned to Mrjensky
Mrjensky collected €0.22 from pot
Mrjensky: doesn't show hand 
*** SUMMARY ***
Total pot €0.23 | Rake €0.01 
Board [7h Jd Qh Kd]
Seat 1: Mrjensky (button) collected (€0.22)
Seat 2: maximus_powah (small blind) folded before Flop
Seat 3: aixosi (big blind) folded on the Turn
Seat 4: pipinoelbreve9 folded before Flop (didn't bet)
Seat 5: Freedoom67 folded before Flop (didn't bet)
Seat 6: gateunas folded before Flop (didn't bet)



PokerStars Zoom Hand #257531200813:  Hold'em No Limit (€0.01/€0.02) - 2025/08/29 16:54:35 CET [2025/08/29 10:54:35 ET]
Table 'Arneb' 6-max Seat #1 is the button
Seat 1: Ksunm (€1.60 in chips) 
Seat 2: FishamanReggae (€0.66 in chips) 
Seat 3: eric stl 196 (€1.69 in chips) 
Seat 4: HEAVEN KID (€5.66 in chips) 
Seat 5: angel9508m (€4.18 in chips) 
Seat 6: pipinoelbreve9 (€2.86 in chips) 
FishamanReggae: posts small blind €0.01
eric stl 196: posts big blind €0.02
*** HOLE CARDS ***
Dealt to pipinoelbreve9 [2c 9c]
HEAVEN KID: folds 
angel9508m: folds 
pipinoelbreve9: folds 
Ksunm: raises €0.03 to €0.05
FishamanReggae: folds 
eric stl 196: calls €0.03
*** FLOP *** [2h Jh 6c]
eric stl 196: checks 
Ksunm: bets €0.05
eric stl 196: folds 
Uncalled bet (€0.05) returned to Ksunm
Ksunm collected €0.10 from pot
Ksunm: doesn't show hand 
*** SUMMARY ***
Total pot €0.11 | Rake €0.01 
Board [2h Jh 6c]
Seat 1: Ksunm (button) collected (€0.10)
Seat 2: FishamanReggae (small blind) folded before Flop
Seat 3: eric stl 196 (big blind) folded on the Flop
Seat 4: HEAVEN KID folded before Flop (didn't bet)
Seat 5: angel9508m folded before Flop (didn't bet)
Seat 6: pipinoelbreve9 folded before Flop (didn't bet)



PokerStars Zoom Hand #257531204938:  Hold'em No Limit (€0.01/€0.02) - 2025/08/29 16:55:00 CET [2025/08/29 10:55:00 ET]
Table 'Arneb' 6-max Seat #1 is the button
Seat 1: eric stl 196 (€1.64 in chips) 
Seat 2: A.montes1993 (€2.21 in chips) 
Seat 3: pipinoelbreve9 (€2.86 in chips) 
Seat 4: lk9294 (€2.65 in chips) 
Seat 5: juanlu2000china (€1.63 in chips) 
Seat 6: candarias (€1.17 in chips) 
A.montes1993: posts small blind €0.01
pipinoelbreve9: posts big blind €0.02
*** HOLE CARDS ***
Dealt to pipinoelbreve9 [2h 5s]
lk9294: folds 
juanlu2000china: raises €0.02 to €0.04
candarias: folds 
eric stl 196: folds 
A.montes1993: raises €0.02 to €0.06
pipinoelbreve9: folds 
juanlu2000china: calls €0.02
*** FLOP *** [8c 3s Kd]
A.montes1993: bets €0.06
juanlu2000china: folds 
Uncalled bet (€0.06) returned to A.montes1993
A.montes1993 collected €0.13 from pot
A.montes1993: doesn't show hand 
*** SUMMARY ***
Total pot €0.14 | Rake €0.01 
Board [8c 3s Kd]
Seat 1: eric stl 196 (button) folded before Flop (didn't bet)
Seat 2: A.montes1993 (small blind) collected (€0.13)
Seat 3: pipinoelbreve9 (big blind) folded before Flop
Seat 4: lk9294 folded before Flop (didn't bet)
Seat 5: juanlu2000china folded on the Flop
Seat 6: candarias folded before Flop (didn't bet)



PokerStars Zoom Hand #257531203393:  Hold'em No Limit (€0.01/€0.02) - 2025/08/29 16:54:51 CET [2025/08/29 10:54:51 ET]
Table 'Arneb' 6-max Seat #1 is the button
Seat 1: manolo1953 (€0.71 in chips) 
Seat 2: AceGurb (€3.07 in chips) 
Seat 3: Areny_Sole (€0.94 in chips) 
Seat 4: pipinoelbreve9 (€2.86 in chips) 
Seat 5: Fel2007 (€1.48 in chips) 
Seat 6: Utusuchaz (€2.05 in chips) 
AceGurb: posts small blind €0.01
Areny_Sole: posts big blind €0.02
*** HOLE CARDS ***
Dealt to pipinoelbreve9 [6s Qd]
pipinoelbreve9: folds 
Fel2007: folds 
Utusuchaz: raises €0.03 to €0.05
manolo1953: folds 
AceGurb: folds 
Areny_Sole: folds 
Uncalled bet (€0.03) returned to Utusuchaz
Utusuchaz collected €0.05 from pot
Utusuchaz: doesn't show hand 
*** SUMMARY ***
Total pot €0.05 | Rake €0 
Seat 1: manolo1953 (button) folded before Flop (didn't bet)
Seat 2: AceGurb (small blind) folded before Flop
Seat 3: Areny_Sole (big blind) folded before Flop
Seat 4: pipinoelbreve9 folded before Flop (didn't bet)
Seat 5: Fel2007 folded before Flop (didn't bet)
Seat 6: Utusuchaz collected (€0.05)



PokerStars Zoom Hand #257531202441:  Hold'em No Limit (€0.01/€0.02) - 2025/08/29 16:54:45 CET [2025/08/29 10:54:45 ET]
Table 'Arneb' 6-max Seat #1 is the button
Seat 1: eneko83 (€5.28 in chips) 
Seat 2: Phamtom123 (€0.98 in chips) 
Seat 3: Ruy Chapéu2 (€2 in chips) 
Seat 4: Areny_Sole (€0.94 in chips) 
Seat 5: pipinoelbreve9 (€2.86 in chips) 
Seat 6: Utusuchaz (€3.73 in chips) 
Phamtom123: posts small blind €0.01
Ruy Chapéu2: posts big blind €0.02
*** HOLE CARDS ***
Dealt to pipinoelbreve9 [2h 9c]
Areny_Sole: folds 
pipinoelbreve9: folds 
Utusuchaz: raises €0.03 to €0.05
eneko83: folds 
Phamtom123: calls €0.04
Ruy Chapéu2: folds 
*** FLOP *** [7h 2s 3s]
Phamtom123: checks 
Utusuchaz: checks 
*** TURN *** [7h 2s 3s] [4c]
Phamtom123: checks 
Utusuchaz: bets €0.04
Phamtom123: folds 
Uncalled bet (€0.04) returned to Utusuchaz
Utusuchaz collected €0.11 from pot
Utusuchaz: doesn't show hand 
*** SUMMARY ***
Total pot €0.12 | Rake €0.01 
Board [7h 2s 3s 4c]
Seat 1: eneko83 (button) folded before Flop (didn't bet)
Seat 2: Phamtom123 (small blind) folded on the Turn
Seat 3: Ruy Chapéu2 (big blind) folded before Flop
Seat 4: Areny_Sole folded before Flop (didn't bet)
Seat 5: pipinoelbreve9 folded before Flop (didn't bet)
Seat 6: Utusuchaz collected (€0.11)



PokerStars Zoom Hand #257531205858:  Hold'em No Limit (€0.01/€0.02) - 2025/08/29 16:55:06 CET [2025/08/29 10:55:06 ET]
Table 'Arneb' 6-max Seat #1 is the button
Seat 1: pipinoelbreve9 (€2.84 in chips) 
Seat 2: The_Qualm (€2.09 in chips) 
Seat 3: lk9294 (€2.65 in chips) 
Seat 4: Ksunm (€1.65 in chips) 
Seat 5: HEAVEN KID (€5.63 in chips) 
Seat 6: hovsjo (€2.69 in chips) 
The_Qualm: posts small blind €0.01
lk9294: posts big blind €0.02
*** HOLE CARDS ***
Dealt to pipinoelbreve9 [Qc 9c]
Ksunm: folds 
HEAVEN KID: folds 
hovsjo: folds 
pipinoelbreve9: raises €0.04 to €0.06
The_Qualm: folds 
lk9294: folds 
Uncalled bet (€0.04) returned to pipinoelbreve9
pipinoelbreve9 collected €0.05 from pot
pipinoelbreve9: doesn't show hand 
*** SUMMARY ***
Total pot €0.05 | Rake €0 
Seat 1: pipinoelbreve9 (button) collected (€0.05)
Seat 2: The_Qualm (small blind) folded before Flop
Seat 3: lk9294 (big blind) folded before Flop
Seat 4: Ksunm folded before Flop (didn't bet)
Seat 5: HEAVEN KID folded before Flop (didn't bet)
Seat 6: hovsjo folded before Flop (didn't bet)



PokerStars Zoom Hand #257531208772:  Hold'em No Limit (€0.01/€0.02) - 2025/08/29 16:55:29 CET [2025/08/29 10:55:29 ET]
Table 'Arneb' 6-max Seat #1 is the button
Seat 1: The_Qualm (€2.08 in chips) 
Seat 2: pipinoelbreve9 (€2.87 in chips) 
Seat 3: salva river (€1.29 in chips) 
Seat 4: Freedoom67 (€3.31 in chips) 
Seat 5: angel9508m (€6.17 in chips) 
Seat 6: candarias (€3.09 in chips) 
pipinoelbreve9: posts small blind €0.01
salva river: posts big blind €0.02
*** HOLE CARDS ***
Dealt to pipinoelbreve9 [Ks As]
Freedoom67: raises €0.04 to €0.06
angel9508m: folds 
candarias: folds 
The_Qualm: folds 
pipinoelbreve9: raises €0.12 to €0.18
salva river: folds 
Freedoom67: calls €0.12
*** FLOP *** [9d 9h 5s]
pipinoelbreve9: bets €0.10
Freedoom67: calls €0.10
*** TURN *** [9d 9h 5s] [6h]
pipinoelbreve9: checks 
Freedoom67: bets €0.55
pipinoelbreve9: folds 
Uncalled bet (€0.55) returned to Freedoom67
Freedoom67 collected €0.55 from pot
Freedoom67: doesn't show hand 
*** SUMMARY ***
Total pot €0.58 | Rake €0.03 
Board [9d 9h 5s 6h]
Seat 1: The_Qualm (button) folded before Flop (didn't bet)
Seat 2: pipinoelbreve9 (small blind) folded on the Turn
Seat 3: salva river (big blind) folded before Flop
Seat 4: Freedoom67 collected (€0.55)
Seat 5: angel9508m folded before Flop (didn't bet)
Seat 6: candarias folded before Flop (didn't bet)



PokerStars Zoom Hand #257531213699:  Hold'em No Limit (€0.01/€0.02) - 2025/08/29 16:56:09 CET [2025/08/29 10:56:09 ET]
Table 'Arneb' 6-max Seat #1 is the button
Seat 1: salva river (€1.26 in chips) 
Seat 2: The_Qualm (€2.06 in chips) 
Seat 3: aixosi (€3 in chips) 
Seat 4: AceGurb (€1.94 in chips) 
Seat 5: pipinoelbreve9 (€2.59 in chips) 
Seat 6: hovsjo (€1.63 in chips) 
The_Qualm: posts small blind €0.01
aixosi: posts big blind €0.02
*** HOLE CARDS ***
Dealt to pipinoelbreve9 [Ac 5c]
AceGurb: raises €0.02 to €0.04
pipinoelbreve9: raises €0.14 to €0.18
hovsjo: folds 
salva river: folds 
The_Qualm: folds 
aixosi: folds 
AceGurb: folds 
Uncalled bet (€0.14) returned to pipinoelbreve9
pipinoelbreve9 collected €0.11 from pot
pipinoelbreve9: doesn't show hand 
*** SUMMARY ***
Total pot €0.11 | Rake €0 
Seat 1: salva river (button) folded before Flop (didn't bet)
Seat 2: The_Qualm (small blind) folded before Flop
Seat 3: aixosi (big blind) folded before Flop
Seat 4: AceGurb folded before Flop
Seat 5: pipinoelbreve9 collected (€0.11)
Seat 6: hovsjo folded before Flop (didn't bet)



PokerStars Zoom Hand #257531219505:  Hold'em No Limit (€0.01/€0.02) - 2025/08/29 16:56:55 CET [2025/08/29 10:56:55 ET]
Table 'Arneb' 6-max Seat #1 is the button
Seat 1: CatchMeIfYouKen (€1.58 in chips) 
Seat 2: AceGurb (€1.90 in chips) 
Seat 3: frvallet (€3.08 in chips) 
Seat 4: eneko83 (€5.12 in chips) 
Seat 5: pipinoelbreve9 (€2.66 in chips) 
Seat 6: maximus_powah (€2.20 in chips) 
AceGurb: posts small blind €0.01
frvallet: posts big blind €0.02
*** HOLE CARDS ***
Dealt to pipinoelbreve9 [6s Ah]
eneko83: folds 
pipinoelbreve9: folds 
maximus_powah: raises €0.04 to €0.06
CatchMeIfYouKen: folds 
AceGurb: folds 
frvallet: folds 
Uncalled bet (€0.04) returned to maximus_powah
maximus_powah collected €0.05 from pot
maximus_powah: doesn't show hand 
*** SUMMARY ***
Total pot €0.05 | Rake €0 
Seat 1: CatchMeIfYouKen (button) folded before Flop (didn't bet)
Seat 2: AceGurb (small blind) folded before Flop
Seat 3: frvallet (big blind) folded before Flop
Seat 4: eneko83 folded before Flop (didn't bet)
Seat 5: pipinoelbreve9 folded before Flop (didn't bet)
Seat 6: maximus_powah collected (€0.05)



PokerStars Zoom Hand #257531220915:  Hold'em No Limit (€0.01/€0.02) - 2025/08/29 16:57:07 CET [2025/08/29 10:57:07 ET]
Table 'Arneb' 6-max Seat #1 is the button
Seat 1: AlexRoulette (€3.42 in chips) 
Seat 2: pipinoelbreve9 (€2.64 in chips) 
Seat 3: Phamtom123 (€1 in chips) 
Seat 4: candarias (€1.53 in chips) 
Seat 5: angel9508m (€4.12 in chips) 
Seat 6: Abrelatas787 (€2.75 in chips) 
pipinoelbreve9: posts small blind €0.01
Phamtom123: posts big blind €0.02
*** HOLE CARDS ***
Dealt to pipinoelbreve9 [Ts 5d]
candarias: folds 
angel9508m: folds 
Abrelatas787: folds 
AlexRoulette: folds 
pipinoelbreve9: folds 
Uncalled bet (€0.01) returned to Phamtom123
Phamtom123 collected €0.02 from pot
Phamtom123: doesn't show hand 
*** SUMMARY ***
Total pot €0.02 | Rake €0 
Seat 1: AlexRoulette (button) folded before Flop (didn't bet)
Seat 2: pipinoelbreve9 (small blind) folded before Flop
Seat 3: Phamtom123 (big blind) collected (€0.02)
Seat 4: candarias folded before Flop (didn't bet)
Seat 5: angel9508m folded before Flop (didn't bet)
Seat 6: Abrelatas787 folded before Flop (didn't bet)



PokerStars Zoom Hand #257531220334:  Hold'em No Limit (€0.01/€0.02) - 2025/08/29 16:57:02 CET [2025/08/29 10:57:02 ET]
Table 'Arneb' 6-max Seat #1 is the button
Seat 1: hovsjo (€1.60 in chips) 
Seat 2: linto2800 (€1.96 in chips) 
Seat 3: pipinoelbreve9 (€2.66 in chips) 
Seat 4: eneko83 (€5.12 in chips) 
Seat 5: manolo1953 (€0.57 in chips) 
Seat 6: Utusuchaz (€4.35 in chips) 
linto2800: posts small blind €0.01
pipinoelbreve9: posts big blind €0.02
*** HOLE CARDS ***
Dealt to pipinoelbreve9 [8h 6c]
eneko83: folds 
manolo1953: raises €0.02 to €0.04
Utusuchaz: folds 
hovsjo: folds 
linto2800: folds 
pipinoelbreve9: folds 
Uncalled bet (€0.02) returned to manolo1953
manolo1953 collected €0.05 from pot
manolo1953: doesn't show hand 
*** SUMMARY ***
Total pot €0.05 | Rake €0 
Seat 1: hovsjo (button) folded before Flop (didn't bet)
Seat 2: linto2800 (small blind) folded before Flop
Seat 3: pipinoelbreve9 (big blind) folded before Flop
Seat 4: eneko83 folded before Flop (didn't bet)
Seat 5: manolo1953 collected (€0.05)
Seat 6: Utusuchaz folded before Flop (didn't bet)



PokerStars Zoom Hand #257531223691:  Hold'em No Limit (€0.01/€0.02) - 2025/08/29 16:57:29 CET [2025/08/29 10:57:29 ET]
Table 'Arneb' 6-max Seat #1 is the button
Seat 1: candarias (€2.99 in chips) 
Seat 2: maximus_powah (€2.23 in chips) 
Seat 3: manolo1953 (€0.60 in chips) 
Seat 4: pipinoelbreve9 (€2.63 in chips) 
Seat 5: VEGAMAR (€2.25 in chips) 
Seat 6: aixosi (€1.99 in chips) 
maximus_powah: posts small blind €0.01
manolo1953: posts big blind €0.02
*** HOLE CARDS ***
Dealt to pipinoelbreve9 [7c 6h]
pipinoelbreve9: folds 
VEGAMAR: folds 
aixosi: folds 
candarias: folds 
maximus_powah: raises €0.04 to €0.06
manolo1953: folds 
Uncalled bet (€0.04) returned to maximus_powah
maximus_powah collected €0.04 from pot
maximus_powah: doesn't show hand 
*** SUMMARY ***
Total pot €0.04 | Rake €0 
Seat 1: candarias (button) folded before Flop (didn't bet)
Seat 2: maximus_powah (small blind) collected (€0.04)
Seat 3: manolo1953 (big blind) folded before Flop
Seat 4: pipinoelbreve9 folded before Flop (didn't bet)
Seat 5: VEGAMAR folded before Flop (didn't bet)
Seat 6: aixosi folded before Flop (didn't bet)



PokerStars Zoom Hand #257531224186:  Hold'em No Limit (€0.01/€0.02) - 2025/08/29 16:57:33 CET [2025/08/29 10:57:33 ET]
Table 'Arneb' 6-max Seat #1 is the button
Seat 1: aixosi (€1.99 in chips) 
Seat 2: VEGAMAR (€2.25 in chips) 
Seat 3: pipinoelbreve9 (€2.63 in chips) 
Seat 4: juanlu2000china (€1.54 in chips) 
Seat 5: candarias (€0.65 in chips) 
Seat 6: Phamtom123 (€1 in chips) 
VEGAMAR: posts small blind €0.01
pipinoelbreve9: posts big blind €0.02
*** HOLE CARDS ***
Dealt to pipinoelbreve9 [4c 8c]
juanlu2000china: folds 
candarias: raises €0.05 to €0.07
Phamtom123: folds 
aixosi: folds 
VEGAMAR: folds 
pipinoelbreve9: folds 
Uncalled bet (€0.05) returned to candarias
candarias collected €0.05 from pot
candarias: doesn't show hand 
*** SUMMARY ***
Total pot €0.05 | Rake €0 
Seat 1: aixosi (button) folded before Flop (didn't bet)
Seat 2: VEGAMAR (small blind) folded before Flop
Seat 3: pipinoelbreve9 (big blind) folded before Flop
Seat 4: juanlu2000china folded before Flop (didn't bet)
Seat 5: candarias collected (€0.05)
Seat 6: Phamtom123 folded before Flop (didn't bet)



PokerStars Zoom Hand #257531223262:  Hold'em No Limit (€0.01/€0.02) - 2025/08/29 16:57:26 CET [2025/08/29 10:57:26 ET]
Table 'Arneb' 6-max Seat #1 is the button
Seat 1: aixosi (€1.99 in chips) 
Seat 2: Ksunm (€1.81 in chips) 
Seat 3: gateunas (€2 in chips) 
Seat 4: manolo1953 (€0.60 in chips) 
Seat 5: PauloATDias (€6.20 in chips) 
Seat 6: pipinoelbreve9 (€2.63 in chips) 
Ksunm: posts small blind €0.01
gateunas: posts big blind €0.02
*** HOLE CARDS ***
Dealt to pipinoelbreve9 [4h 5c]
manolo1953: folds 
PauloATDias: calls €0.02
pipinoelbreve9: folds 
aixosi: folds 
Ksunm: folds 
gateunas: checks 
*** FLOP *** [Ah Ac Jh]
gateunas: checks 
PauloATDias: bets €0.02
gateunas: folds 
Uncalled bet (€0.02) returned to PauloATDias
PauloATDias collected €0.05 from pot
PauloATDias: doesn't show hand 
*** SUMMARY ***
Total pot €0.05 | Rake €0 
Board [Ah Ac Jh]
Seat 1: aixosi (button) folded before Flop (didn't bet)
Seat 2: Ksunm (small blind) folded before Flop
Seat 3: gateunas (big blind) folded on the Flop
Seat 4: manolo1953 folded before Flop (didn't bet)
Seat 5: PauloATDias collected (€0.05)
Seat 6: pipinoelbreve9 folded before Flop (didn't bet)



PokerStars Zoom Hand #257531221730:  Hold'em No Limit (€0.01/€0.02) - 2025/08/29 16:57:13 CET [2025/08/29 10:57:13 ET]
Table 'Arneb' 6-max Seat #1 is the button
Seat 1: VEGAMAR (€2.25 in chips) 
Seat 2: maximus_powah (€3.77 in chips) 
Seat 3: Utusuchaz (€4.35 in chips) 
Seat 4: Areny_Sole (€0.86 in chips) 
Seat 5: gateunas (€1.72 in chips) 
Seat 6: pipinoelbreve9 (€2.63 in chips) 
maximus_powah: posts small blind €0.01
Utusuchaz: posts big blind €0.02
*** HOLE CARDS ***
Dealt to pipinoelbreve9 [Ks 9d]
Areny_Sole: calls €0.02
gateunas: folds 
pipinoelbreve9: folds 
VEGAMAR: folds 
maximus_powah: folds 
Utusuchaz: checks 
*** FLOP *** [Kh 3d 6h]
Utusuchaz: checks 
Areny_Sole: checks 
*** TURN *** [Kh 3d 6h] [6c]
Utusuchaz: checks 
Areny_Sole: bets €0.02
Utusuchaz: folds 
Uncalled bet (€0.02) returned to Areny_Sole
Areny_Sole collected €0.05 from pot
Areny_Sole: doesn't show hand 
*** SUMMARY ***
Total pot €0.05 | Rake €0 
Board [Kh 3d 6h 6c]
Seat 1: VEGAMAR (button) folded before Flop (didn't bet)
Seat 2: maximus_powah (small blind) folded before Flop
Seat 3: Utusuchaz (big blind) folded on the Turn
Seat 4: Areny_Sole collected (€0.05)
Seat 5: gateunas folded before Flop (didn't bet)
Seat 6: pipinoelbreve9 folded before Flop (didn't bet)



PokerStars Zoom Hand #257531226517:  Hold'em No Limit (€0.01/€0.02) - 2025/08/29 16:57:52 CET [2025/08/29 10:57:52 ET]
Table 'Arneb' 6-max Seat #1 is the button
Seat 1: gateunas (€1.98 in chips) 
Seat 2: hovsjo (€2.73 in chips) 
Seat 3: PauloATDias (€6.23 in chips) 
Seat 4: pipinoelbreve9 (€2.61 in chips) 
Seat 5: R.Deschain26 (€2.78 in chips) 
Seat 6: eric stl 196 (€1.17 in chips) 
hovsjo: posts small blind €0.01
PauloATDias: posts big blind €0.02
*** HOLE CARDS ***
Dealt to pipinoelbreve9 [9h 5c]
pipinoelbreve9: folds 
R.Deschain26: folds 
eric stl 196: calls €0.02
gateunas: folds 
hovsjo: folds 
PauloATDias: checks 
*** FLOP *** [Tc 3c Js]
PauloATDias: checks 
eric stl 196: bets €0.05
PauloATDias: folds 
Uncalled bet (€0.05) returned to eric stl 196
eric stl 196 collected €0.05 from pot
eric stl 196: doesn't show hand 
*** SUMMARY ***
Total pot €0.05 | Rake €0 
Board [Tc 3c Js]
Seat 1: gateunas (button) folded before Flop (didn't bet)
Seat 2: hovsjo (small blind) folded before Flop
Seat 3: PauloATDias (big blind) folded on the Flop
Seat 4: pipinoelbreve9 folded before Flop (didn't bet)
Seat 5: R.Deschain26 folded before Flop (didn't bet)
Seat 6: eric stl 196 collected (€0.05)



PokerStars Zoom Hand #257531226053:  Hold'em No Limit (€0.01/€0.02) - 2025/08/29 16:57:48 CET [2025/08/29 10:57:48 ET]
Table 'Arneb' 6-max Seat #1 is the button
Seat 1: pipinoelbreve9 (€2.61 in chips) 
Seat 2: Fel2007 (€1.91 in chips) 
Seat 3: philippe891 (€2.45 in chips) 
Seat 4: The_Qualm (€2 in chips) 
Seat 5: lk9294 (€2.67 in chips) 
Seat 6: CatchMeIfYouKen (€1.77 in chips) 
Fel2007: posts small blind €0.01
philippe891: posts big blind €0.02
*** HOLE CARDS ***
Dealt to pipinoelbreve9 [3s 9d]
The_Qualm: folds 
lk9294: raises €0.02 to €0.04
CatchMeIfYouKen: folds 
pipinoelbreve9: folds 
Fel2007: folds 
philippe891: calls €0.02
*** FLOP *** [Jc As Kc]
philippe891: checks 
lk9294: checks 
*** TURN *** [Jc As Kc] [Kd]
philippe891: checks 
lk9294: checks 
*** RIVER *** [Jc As Kc Kd] [6c]
philippe891: checks 
lk9294: checks 
*** SHOW DOWN ***
philippe891: shows [Ad 2d] (two pair, Aces and Kings)
lk9294: mucks hand 
philippe891 collected €0.09 from pot
*** SUMMARY ***
Total pot €0.09 | Rake €0 
Board [Jc As Kc Kd 6c]
Seat 1: pipinoelbreve9 (button) folded before Flop (didn't bet)
Seat 2: Fel2007 (small blind) folded before Flop
Seat 3: philippe891 (big blind) showed [Ad 2d] and won (€0.09) with two pair, Aces and Kings
Seat 4: The_Qualm folded before Flop (didn't bet)
Seat 5: lk9294 mucked [7s Qh]
Seat 6: CatchMeIfYouKen folded before Flop (didn't bet)



PokerStars Zoom Hand #257531227340:  Hold'em No Limit (€0.01/€0.02) - 2025/08/29 16:57:59 CET [2025/08/29 10:57:59 ET]
Table 'Arneb' 6-max Seat #1 is the button
Seat 1: iulian777333 (€0.93 in chips) 
Seat 2: 19valerio82 (€0.92 in chips) 
Seat 3: pisuleto (€2.02 in chips) 
Seat 4: Areny_Sole (€0.89 in chips) 
Seat 5: pipinoelbreve9 (€2.61 in chips) 
Seat 6: In0sukeFoldz (€4.10 in chips) 
19valerio82: posts small blind €0.01
pisuleto: posts big blind €0.02
*** HOLE CARDS ***
Dealt to pipinoelbreve9 [5h 4h]
Areny_Sole: folds 
pipinoelbreve9: raises €0.04 to €0.06
In0sukeFoldz: folds 
iulian777333: folds 
19valerio82: folds 
pisuleto: raises €0.12 to €0.18
pipinoelbreve9: calls €0.12
*** FLOP *** [7s Qc 6c]
pisuleto: checks 
pipinoelbreve9: bets €0.18
pisuleto: calls €0.18
*** TURN *** [7s Qc 6c] [Jc]
pisuleto: checks 
pipinoelbreve9: checks 
*** RIVER *** [7s Qc 6c Jc] [Td]
pisuleto: bets €0.51
pipinoelbreve9: folds 
Uncalled bet (€0.51) returned to pisuleto
pisuleto collected €0.69 from pot
pisuleto: doesn't show hand 
*** SUMMARY ***
Total pot €0.73 | Rake €0.04 
Board [7s Qc 6c Jc Td]
Seat 1: iulian777333 (button) folded before Flop (didn't bet)
Seat 2: 19valerio82 (small blind) folded before Flop
Seat 3: pisuleto (big blind) collected (€0.69)
Seat 4: Areny_Sole folded before Flop (didn't bet)
Seat 5: pipinoelbreve9 folded on the River
Seat 6: In0sukeFoldz folded before Flop (didn't bet)



PokerStars Zoom Hand #257531219806:  Hold'em No Limit (€0.01/€0.02) - 2025/08/29 16:56:58 CET [2025/08/29 10:56:58 ET]
Table 'Arneb' 6-max Seat #1 is the button
Seat 1: pipinoelbreve9 (€2.66 in chips) 
Seat 2: Fel2007 (€1.94 in chips) 
Seat 3: ::El_L@rgo:: (€2.01 in chips) 
Seat 4: R.Deschain26 (€2.81 in chips) 
Seat 5: The_Qualm (€2.05 in chips) 
Seat 6: manolo1953 (€0.57 in chips) 
Fel2007: posts small blind €0.01
::El_L@rgo::: posts big blind €0.02
*** HOLE CARDS ***
Dealt to pipinoelbreve9 [6s 9d]
R.Deschain26: folds 
The_Qualm: raises €0.02 to €0.04
manolo1953: folds 
pipinoelbreve9: folds 
Fel2007: folds 
::El_L@rgo::: raises €0.12 to €0.16
The_Qualm: calls €0.12
*** FLOP *** [Qs Ac 8c]
::El_L@rgo::: checks 
The_Qualm: checks 
*** TURN *** [Qs Ac 8c] [3d]
::El_L@rgo::: bets €0.16
The_Qualm: calls €0.16
*** RIVER *** [Qs Ac 8c 3d] [6c]
::El_L@rgo::: bets €0.31
The_Qualm: folds 
Uncalled bet (€0.31) returned to ::El_L@rgo::
::El_L@rgo:: collected €0.62 from pot
::El_L@rgo::: doesn't show hand 
*** SUMMARY ***
Total pot €0.65 | Rake €0.03 
Board [Qs Ac 8c 3d 6c]
Seat 1: pipinoelbreve9 (button) folded before Flop (didn't bet)
Seat 2: Fel2007 (small blind) folded before Flop
Seat 3: ::El_L@rgo:: (big blind) collected (€0.62)
Seat 4: R.Deschain26 folded before Flop (didn't bet)
Seat 5: The_Qualm folded on the River
Seat 6: manolo1953 folded before Flop (didn't bet)



PokerStars Zoom Hand #257531233520:  Hold'em No Limit (€0.01/€0.02) - 2025/08/29 16:58:48 CET [2025/08/29 10:58:48 ET]
Table 'Arneb' 6-max Seat #1 is the button
Seat 1: candarias (€2.94 in chips) 
Seat 2: pipinoelbreve9 (€2.25 in chips) 
Seat 3: The_Qualm (€2 in chips) 
Seat 4: Ruy Chapéu2 (€2.83 in chips) 
Seat 5: Utusuchaz (€2.94 in chips) 
Seat 6: Le moche972 (€0.72 in chips) 
pipinoelbreve9: posts small blind €0.01
The_Qualm: posts big blind €0.02
*** HOLE CARDS ***
Dealt to pipinoelbreve9 [As Ah]
Ruy Chapéu2: folds 
Utusuchaz: folds 
Le moche972: folds 
candarias: folds 
pipinoelbreve9: raises €0.04 to €0.06
The_Qualm: folds 
Uncalled bet (€0.04) returned to pipinoelbreve9
pipinoelbreve9 collected €0.04 from pot
pipinoelbreve9: doesn't show hand 
*** SUMMARY ***
Total pot €0.04 | Rake €0 
Seat 1: candarias (button) folded before Flop (didn't bet)
Seat 2: pipinoelbreve9 (small blind) collected (€0.04)
Seat 3: The_Qualm (big blind) folded before Flop
Seat 4: Ruy Chapéu2 folded before Flop (didn't bet)
Seat 5: Utusuchaz folded before Flop (didn't bet)
Seat 6: Le moche972 folded before Flop (didn't bet)



PokerStars Zoom Hand #257531235157:  Hold'em No Limit (€0.01/€0.02) - 2025/08/29 16:59:01 CET [2025/08/29 10:59:01 ET]
Table 'Arneb' 6-max Seat #1 is the button
Seat 1: hovsjo (€2.42 in chips) 
Seat 2: Milo1977 (€1.72 in chips) 
Seat 3: Fr1z1Paz1 (€1.97 in chips) 
Seat 4: pipinoelbreve9 (€2.27 in chips) 
Seat 5: eyeeel (€0.95 in chips) 
Seat 6: eric stl 196 (€1.17 in chips) 
Milo1977: posts small blind €0.01
Fr1z1Paz1: posts big blind €0.02
*** HOLE CARDS ***
Dealt to pipinoelbreve9 [6d 2h]
pipinoelbreve9: folds 
eyeeel: folds 
eric stl 196: folds 
hovsjo: raises €0.03 to €0.05
Milo1977: folds 
Fr1z1Paz1: calls €0.03
*** FLOP *** [3d Qh Qc]
Fr1z1Paz1: checks 
hovsjo: checks 
*** TURN *** [3d Qh Qc] [Ts]
Fr1z1Paz1: checks 
hovsjo: bets €0.05
Fr1z1Paz1: folds 
Uncalled bet (€0.05) returned to hovsjo
hovsjo collected €0.10 from pot
hovsjo: doesn't show hand 
*** SUMMARY ***
Total pot €0.11 | Rake €0.01 
Board [3d Qh Qc Ts]
Seat 1: hovsjo (button) collected (€0.10)
Seat 2: Milo1977 (small blind) folded before Flop
Seat 3: Fr1z1Paz1 (big blind) folded on the Turn
Seat 4: pipinoelbreve9 folded before Flop (didn't bet)
Seat 5: eyeeel folded before Flop (didn't bet)
Seat 6: eric stl 196 folded before Flop (didn't bet)



PokerStars Zoom Hand #257531235688:  Hold'em No Limit (€0.01/€0.02) - 2025/08/29 16:59:05 CET [2025/08/29 10:59:05 ET]
Table 'Arneb' 6-max Seat #1 is the button
Seat 1: pipinoelbreve9 (€2.27 in chips) 
Seat 2: Filipa_M856 (€2.03 in chips) 
Seat 3: Ksunm (€1.46 in chips) 
Seat 4: PauloATDias (€6.23 in chips) 
Seat 5: Utusuchaz (€2 in chips) 
Seat 6: hovsjo (€1.61 in chips) 
Filipa_M856: posts small blind €0.01
Ksunm: posts big blind €0.02
*** HOLE CARDS ***
Dealt to pipinoelbreve9 [Kh As]
PauloATDias: calls €0.02
Utusuchaz: folds 
hovsjo: folds 
pipinoelbreve9: raises €0.08 to €0.10
Filipa_M856: folds 
Ksunm: folds 
PauloATDias: calls €0.08
*** FLOP *** [Jd 2s Ac]
PauloATDias: checks 
pipinoelbreve9: bets €0.07
PauloATDias: calls €0.07
*** TURN *** [Jd 2s Ac] [7d]
PauloATDias: checks 
pipinoelbreve9: bets €0.22
PauloATDias: folds 
Uncalled bet (€0.22) returned to pipinoelbreve9
pipinoelbreve9 collected €0.35 from pot
pipinoelbreve9: doesn't show hand 
*** SUMMARY ***
Total pot €0.37 | Rake €0.02 
Board [Jd 2s Ac 7d]
Seat 1: pipinoelbreve9 (button) collected (€0.35)
Seat 2: Filipa_M856 (small blind) folded before Flop
Seat 3: Ksunm (big blind) folded before Flop
Seat 4: PauloATDias folded on the Turn
Seat 5: Utusuchaz folded before Flop (didn't bet)
Seat 6: hovsjo folded before Flop (didn't bet)



PokerStars Zoom Hand #257531241093:  Hold'em No Limit (€0.01/€0.02) - 2025/08/29 16:59:48 CET [2025/08/29 10:59:48 ET]
Table 'Arneb' 6-max Seat #1 is the button
Seat 1: candarias (€5.15 in chips) 
Seat 2: Le moche972 (€0.49 in chips) 
Seat 3: pipinoelbreve9 (€2.45 in chips) 
Seat 4: Abrelatas787 (€2.58 in chips) 
Seat 5: AArrnnoolldd (€3.68 in chips) 
Seat 6: zzigomar (€3.39 in chips) 
Le moche972: posts small blind €0.01
pipinoelbreve9: posts big blind €0.02
*** HOLE CARDS ***
Dealt to pipinoelbreve9 [2d Jd]
Abrelatas787: folds 
AArrnnoolldd: folds 
zzigomar: folds 
candarias: folds 
Le moche972: folds 
Uncalled bet (€0.01) returned to pipinoelbreve9
pipinoelbreve9 collected €0.02 from pot
pipinoelbreve9: doesn't show hand 
*** SUMMARY ***
Total pot €0.02 | Rake €0 
Seat 1: candarias (button) folded before Flop (didn't bet)
Seat 2: Le moche972 (small blind) folded before Flop
Seat 3: pipinoelbreve9 (big blind) collected (€0.02)
Seat 4: Abrelatas787 folded before Flop (didn't bet)
Seat 5: AArrnnoolldd folded before Flop (didn't bet)
Seat 6: zzigomar folded before Flop (didn't bet)



PokerStars Zoom Hand #257531243181:  Hold'em No Limit (€0.01/€0.02) - 2025/08/29 17:00:04 CET [2025/08/29 11:00:04 ET]
Table 'Arneb' 6-max Seat #1 is the button
Seat 1: AlexRoulette (€3.63 in chips) 
Seat 2: candarias (€2.99 in chips) 
Seat 3: Fel2007 (€1.86 in chips) 
Seat 4: Diefa4466 (€2 in chips) 
Seat 5: VEGAMAR (€2 in chips) 
Seat 6: pipinoelbreve9 (€2.46 in chips) 
candarias: posts small blind €0.01
Fel2007: posts big blind €0.02
*** HOLE CARDS ***
Dealt to pipinoelbreve9 [Kc 3d]
Diefa4466: folds 
VEGAMAR: folds 
pipinoelbreve9: folds 
AlexRoulette: raises €0.03 to €0.05
candarias: folds 
Fel2007: folds 
Uncalled bet (€0.03) returned to AlexRoulette
AlexRoulette collected €0.05 from pot
AlexRoulette: doesn't show hand 
*** SUMMARY ***
Total pot €0.05 | Rake €0 
Seat 1: AlexRoulette (button) collected (€0.05)
Seat 2: candarias (small blind) folded before Flop
Seat 3: Fel2007 (big blind) folded before Flop
Seat 4: Diefa4466 folded before Flop (didn't bet)
Seat 5: VEGAMAR folded before Flop (didn't bet)
Seat 6: pipinoelbreve9 folded before Flop (didn't bet)



PokerStars Zoom Hand #257531244580:  Hold'em No Limit (€0.01/€0.02) - 2025/08/29 17:00:15 CET [2025/08/29 11:00:15 ET]
Table 'Arneb' 6-max Seat #1 is the button
Seat 1: candarias (€2.05 in chips) 
Seat 2: manolo1953 (€0.25 in chips) 
Seat 3: R.Deschain26 (€2.96 in chips) 
Seat 4: eric stl 196 (€2.17 in chips) 
Seat 5: pipinoelbreve9 (€2.46 in chips) 
Seat 6: VEGAMAR (€2 in chips) 
manolo1953: posts small blind €0.01
R.Deschain26: posts big blind €0.02
*** HOLE CARDS ***
Dealt to pipinoelbreve9 [Qd Kh]
eric stl 196: folds 
pipinoelbreve9: raises €0.04 to €0.06
VEGAMAR: folds 
candarias: calls €0.06
manolo1953: folds 
R.Deschain26: folds 
*** FLOP *** [Qs 7c 8s]
pipinoelbreve9: bets €0.11
candarias: folds 
Uncalled bet (€0.11) returned to pipinoelbreve9
pipinoelbreve9 collected €0.14 from pot
pipinoelbreve9: doesn't show hand 
*** SUMMARY ***
Total pot €0.15 | Rake €0.01 
Board [Qs 7c 8s]
Seat 1: candarias (button) folded on the Flop
Seat 2: manolo1953 (small blind) folded before Flop
Seat 3: R.Deschain26 (big blind) folded before Flop
Seat 4: eric stl 196 folded before Flop (didn't bet)
Seat 5: pipinoelbreve9 collected (€0.14)
Seat 6: VEGAMAR folded before Flop (didn't bet)



PokerStars Zoom Hand #257531248695:  Hold'em No Limit (€0.01/€0.02) - 2025/08/29 17:00:44 CET [2025/08/29 11:00:44 ET]
Table 'Arneb' 6-max Seat #1 is the button
Seat 1: mmillanl (€1.07 in chips) 
Seat 2: pipinoelbreve9 (€2.54 in chips) 
Seat 3: juanlu2000china (€1.55 in chips) 
Seat 4: Diefa4466 (€2 in chips) 
Seat 5: AArrnnoolldd (€3.65 in chips) 
Seat 6: Xenon-FR (€1.68 in chips) 
pipinoelbreve9: posts small blind €0.01
juanlu2000china: posts big blind €0.02
*** HOLE CARDS ***
Dealt to pipinoelbreve9 [Jh Jd]
Diefa4466: folds 
AArrnnoolldd: folds 
Xenon-FR: folds 
mmillanl: calls €0.02
pipinoelbreve9: raises €0.08 to €0.10
juanlu2000china: folds 
mmillanl: calls €0.08
*** FLOP *** [5d 7s 5h]
pipinoelbreve9: checks 
mmillanl: bets €0.11
pipinoelbreve9: calls €0.11
*** TURN *** [5d 7s 5h] [3c]
pipinoelbreve9: checks 
mmillanl: bets €0.21
pipinoelbreve9: calls €0.21
*** RIVER *** [5d 7s 5h 3c] [Ts]
pipinoelbreve9: checks 
mmillanl: bets €0.65 and is all-in
pipinoelbreve9: calls €0.65
*** SHOW DOWN ***
mmillanl: shows [8s 5s] (three of a kind, Fives)
pipinoelbreve9: shows [Jh Jd] (two pair, Jacks and Fives)
mmillanl collected €2.05 from pot
*** SUMMARY ***
Total pot €2.16 | Rake €0.11 
Board [5d 7s 5h 3c Ts]
Seat 1: mmillanl (button) showed [8s 5s] and won (€2.05) with three of a kind, Fives
Seat 2: pipinoelbreve9 (small blind) showed [Jh Jd] and lost with two pair, Jacks and Fives
Seat 3: juanlu2000china (big blind) folded before Flop
Seat 4: Diefa4466 folded before Flop (didn't bet)
Seat 5: AArrnnoolldd folded before Flop (didn't bet)
Seat 6: Xenon-FR folded before Flop (didn't bet)



PokerStars Zoom Hand #257531255628:  Hold'em No Limit (€0.01/€0.02) - 2025/08/29 17:01:29 CET [2025/08/29 11:01:29 ET]
Table 'Arneb' 6-max Seat #1 is the button
Seat 1: McMack626 (€2.10 in chips) 
Seat 2: mmillanl (€2.05 in chips) 
Seat 3: candarias (€0.59 in chips) 
Seat 4: hovsjo (€1.96 in chips) 
Seat 5: aixosi (€3.42 in chips) 
Seat 6: pipinoelbreve9 (€2 in chips) 
mmillanl: posts small blind €0.01
candarias: posts big blind €0.02
*** HOLE CARDS ***
Dealt to pipinoelbreve9 [9s 9d]
hovsjo: folds 
aixosi: raises €0.02 to €0.04
pipinoelbreve9: raises €0.10 to €0.14
McMack626: folds 
mmillanl: calls €0.13
candarias: folds 
aixosi: folds 
*** FLOP *** [8d 7s 3d]
mmillanl: checks 
pipinoelbreve9: bets €0.16
mmillanl: calls €0.16
*** TURN *** [8d 7s 3d] [5d]
mmillanl: checks 
pipinoelbreve9: bets €0.32
mmillanl: calls €0.32
*** RIVER *** [8d 7s 3d 5d] [4h]
mmillanl: checks 
pipinoelbreve9: checks 
*** SHOW DOWN ***
mmillanl: shows [8c 9h] (a pair of Eights)
pipinoelbreve9: shows [9s 9d] (a pair of Nines)
pipinoelbreve9 collected €1.24 from pot
*** SUMMARY ***
Total pot €1.30 | Rake €0.06 
Board [8d 7s 3d 5d 4h]
Seat 1: McMack626 (button) folded before Flop (didn't bet)
Seat 2: mmillanl (small blind) showed [8c 9h] and lost with a pair of Eights
Seat 3: candarias (big blind) folded before Flop
Seat 4: hovsjo folded before Flop (didn't bet)
Seat 5: aixosi folded before Flop
Seat 6: pipinoelbreve9 showed [9s 9d] and won (€1.24) with a pair of Nines



PokerStars Zoom Hand #257531262368:  Hold'em No Limit (€0.01/€0.02) - 2025/08/29 17:02:10 CET [2025/08/29 11:02:10 ET]
Table 'Arneb' 6-max Seat #1 is the button
Seat 1: aixosi (€3.35 in chips) 
Seat 2: pingu_771 (€2.18 in chips) 
Seat 3: pipinoelbreve9 (€2.62 in chips) 
Seat 4: Utusuchaz (€2.21 in chips) 
Seat 5: candarias (€3.28 in chips) 
Seat 6: juajord26 (€2 in chips) 
pingu_771: posts small blind €0.01
pipinoelbreve9: posts big blind €0.02
*** HOLE CARDS ***
Dealt to pipinoelbreve9 [2h 8s]
Utusuchaz: folds 
candarias: folds 
juajord26: raises €0.04 to €0.06
aixosi: folds 
pingu_771: folds 
pipinoelbreve9: folds 
Uncalled bet (€0.04) returned to juajord26
juajord26 collected €0.05 from pot
juajord26: doesn't show hand 
*** SUMMARY ***
Total pot €0.05 | Rake €0 
Seat 1: aixosi (button) folded before Flop (didn't bet)
Seat 2: pingu_771 (small blind) folded before Flop
Seat 3: pipinoelbreve9 (big blind) folded before Flop
Seat 4: Utusuchaz folded before Flop (didn't bet)
Seat 5: candarias folded before Flop (didn't bet)
Seat 6: juajord26 collected (€0.05)



PokerStars Zoom Hand #257531266037:  Hold'em No Limit (€0.01/€0.02) - 2025/08/29 17:02:33 CET [2025/08/29 11:02:33 ET]
Table 'Arneb' 6-max Seat #1 is the button
Seat 1: candarias (€5.02 in chips) 
Seat 2: aixosi (€3.33 in chips) 
Seat 3: A.montes1993 (€1.87 in chips) 
Seat 4: pipinoelbreve9 (€2.60 in chips) 
Seat 5: Utusuchaz (€4.60 in chips) 
Seat 6: angel9508m (€6.30 in chips) 
aixosi: posts small blind €0.01
A.montes1993: posts big blind €0.02
*** HOLE CARDS ***
Dealt to pipinoelbreve9 [4s Ks]
pipinoelbreve9: folds 
Utusuchaz: folds 
angel9508m: folds 
candarias is disconnected 
candarias has timed out while disconnected
candarias: folds 
aixosi: folds 
Uncalled bet (€0.01) returned to A.montes1993
A.montes1993 collected €0.02 from pot
A.montes1993: doesn't show hand 
*** SUMMARY ***
Total pot €0.02 | Rake €0 
Seat 1: candarias (button) folded before Flop (didn't bet)
Seat 2: aixosi (small blind) folded before Flop
Seat 3: A.montes1993 (big blind) collected (€0.02)
Seat 4: pipinoelbreve9 folded before Flop (didn't bet)
Seat 5: Utusuchaz folded before Flop (didn't bet)
Seat 6: angel9508m folded before Flop (didn't bet)



PokerStars Zoom Hand #257531266931:  Hold'em No Limit (€0.01/€0.02) - 2025/08/29 17:02:38 CET [2025/08/29 11:02:38 ET]
Table 'Arneb' 6-max Seat #1 is the button
Seat 1: angel9508m (€4.39 in chips) 
Seat 2: pipinoelbreve9 (€2.60 in chips) 
Seat 3: ::El_L@rgo:: (€2.09 in chips) 
Seat 4: AlexRoulette (€3.12 in chips) 
Seat 5: lk9294 (€2.30 in chips) 
Seat 6: pisuleto (€2.83 in chips) 
pipinoelbreve9: posts small blind €0.01
::El_L@rgo::: posts big blind €0.02
*** HOLE CARDS ***
Dealt to pipinoelbreve9 [6s 3s]
AlexRoulette: folds 
lk9294: folds 
pisuleto: folds 
angel9508m: raises €0.04 to €0.06
pipinoelbreve9: folds 
::El_L@rgo::: folds 
Uncalled bet (€0.04) returned to angel9508m
angel9508m collected €0.05 from pot
angel9508m: doesn't show hand 
*** SUMMARY ***
Total pot €0.05 | Rake €0 
Seat 1: angel9508m (button) collected (€0.05)
Seat 2: pipinoelbreve9 (small blind) folded before Flop
Seat 3: ::El_L@rgo:: (big blind) folded before Flop
Seat 4: AlexRoulette folded before Flop (didn't bet)
Seat 5: lk9294 folded before Flop (didn't bet)
Seat 6: pisuleto folded before Flop (didn't bet)



PokerStars Zoom Hand #257531270345:  Hold'em No Limit (€0.01/€0.02) - 2025/08/29 17:02:58 CET [2025/08/29 11:02:58 ET]
Table 'Arneb' 6-max Seat #1 is the button
Seat 1: manolo1953 (€0.89 in chips) 
Seat 2: AlexRoulette (€3.61 in chips) 
Seat 3: pisuleto (€2.86 in chips) 
Seat 4: NELSONRIO75 (€1.64 in chips) 
Seat 5: pipinoelbreve9 (€2.59 in chips) 
Seat 6: hovsjo (€1.71 in chips) 
AlexRoulette: posts small blind €0.01
pisuleto: posts big blind €0.02
*** HOLE CARDS ***
Dealt to pipinoelbreve9 [2c 7s]
NELSONRIO75: folds 
pipinoelbreve9: folds 
hovsjo: folds 
manolo1953: folds 
AlexRoulette: raises €0.03 to €0.05
pisuleto: folds 
Uncalled bet (€0.03) returned to AlexRoulette
AlexRoulette collected €0.04 from pot
AlexRoulette: doesn't show hand 
*** SUMMARY ***
Total pot €0.04 | Rake €0 
Seat 1: manolo1953 (button) folded before Flop (didn't bet)
Seat 2: AlexRoulette (small blind) collected (€0.04)
Seat 3: pisuleto (big blind) folded before Flop
Seat 4: NELSONRIO75 folded before Flop (didn't bet)
Seat 5: pipinoelbreve9 folded before Flop (didn't bet)
Seat 6: hovsjo folded before Flop (didn't bet)



PokerStars Zoom Hand #257531269461:  Hold'em No Limit (€0.01/€0.02) - 2025/08/29 17:02:53 CET [2025/08/29 11:02:53 ET]
Table 'Arneb' 6-max Seat #1 is the button
Seat 1: pipinoelbreve9 (€2.59 in chips) 
Seat 2: iulian777333 (€2.37 in chips) 
Seat 3: pantera86 (€2 in chips) 
Seat 4: zepisko (€1.26 in chips) 
Seat 5: manolo1953 (€0.89 in chips) 
Seat 6: A.montes1993 (€1.88 in chips) 
iulian777333: posts small blind €0.01
pantera86: posts big blind €0.02
*** HOLE CARDS ***
Dealt to pipinoelbreve9 [5h 8h]
zepisko: raises €0.06 to €0.08
manolo1953: folds 
A.montes1993: folds 
pipinoelbreve9: folds 
iulian777333: calls €0.07
pantera86: folds 
*** FLOP *** [4h Kh Th]
iulian777333: checks 
zepisko: bets €0.17
iulian777333: folds 
Uncalled bet (€0.17) returned to zepisko
zepisko collected €0.17 from pot
zepisko: doesn't show hand 
*** SUMMARY ***
Total pot €0.18 | Rake €0.01 
Board [4h Kh Th]
Seat 1: pipinoelbreve9 (button) folded before Flop (didn't bet)
Seat 2: iulian777333 (small blind) folded on the Flop
Seat 3: pantera86 (big blind) folded before Flop
Seat 4: zepisko collected (€0.17)
Seat 5: manolo1953 folded before Flop (didn't bet)
Seat 6: A.montes1993 folded before Flop (didn't bet)



PokerStars Zoom Hand #257531271792:  Hold'em No Limit (€0.01/€0.02) - 2025/08/29 17:03:07 CET [2025/08/29 11:03:07 ET]
Table 'Arneb' 6-max Seat #1 is the button
Seat 1: Fel2007 (€1.79 in chips) 
Seat 2: Ksunm (€1.79 in chips) 
Seat 3: pipinoelbreve9 (€2.59 in chips) 
Seat 4: Diefa4466 (€2.23 in chips) 
Seat 5: juajord26 (€2.01 in chips) 
Seat 6: mandru80 (€0.97 in chips) 
Ksunm: posts small blind €0.01
pipinoelbreve9: posts big blind €0.02
*** HOLE CARDS ***
Dealt to pipinoelbreve9 [2c Qs]
Diefa4466: folds 
juajord26: folds 
mandru80: raises €0.02 to €0.04
Fel2007: calls €0.04
Ksunm: folds 
pipinoelbreve9: folds 
*** FLOP *** [3c 7s 9h]
mandru80: bets €0.05
Fel2007: folds 
Uncalled bet (€0.05) returned to mandru80
mandru80 collected €0.10 from pot
mandru80: doesn't show hand 
*** SUMMARY ***
Total pot €0.11 | Rake €0.01 
Board [3c 7s 9h]
Seat 1: Fel2007 (button) folded on the Flop
Seat 2: Ksunm (small blind) folded before Flop
Seat 3: pipinoelbreve9 (big blind) folded before Flop
Seat 4: Diefa4466 folded before Flop (didn't bet)
Seat 5: juajord26 folded before Flop (didn't bet)
Seat 6: mandru80 collected (€0.10)



PokerStars Zoom Hand #257531274139:  Hold'em No Limit (€0.01/€0.02) - 2025/08/29 17:03:21 CET [2025/08/29 11:03:21 ET]
Table 'Arneb' 6-max Seat #1 is the button
Seat 1: pingu_771 (€2.22 in chips) 
Seat 2: Ksunm (€2.09 in chips) 
Seat 3: R.Deschain26 (€3.10 in chips) 
Seat 4: HEAVEN KID (€6.73 in chips) 
Seat 5: juajord26 (€2.01 in chips) 
Seat 6: pipinoelbreve9 (€2.57 in chips) 
Ksunm: posts small blind €0.01
R.Deschain26: posts big blind €0.02
*** HOLE CARDS ***
Dealt to pipinoelbreve9 [Th Kd]
HEAVEN KID: folds 
juajord26: folds 
pipinoelbreve9: raises €0.04 to €0.06
pingu_771: folds 
Ksunm: folds 
R.Deschain26: folds 
Uncalled bet (€0.04) returned to pipinoelbreve9
pipinoelbreve9 collected €0.05 from pot
pipinoelbreve9: doesn't show hand 
*** SUMMARY ***
Total pot €0.05 | Rake €0 
Seat 1: pingu_771 (button) folded before Flop (didn't bet)
Seat 2: Ksunm (small blind) folded before Flop
Seat 3: R.Deschain26 (big blind) folded before Flop
Seat 4: HEAVEN KID folded before Flop (didn't bet)
Seat 5: juajord26 folded before Flop (didn't bet)
Seat 6: pipinoelbreve9 collected (€0.05)



PokerStars Zoom Hand #257531277449:  Hold'em No Limit (€0.01/€0.02) - 2025/08/29 17:03:41 CET [2025/08/29 11:03:41 ET]
Table 'Arneb' 6-max Seat #1 is the button
Seat 1: Ruy Chapéu2 (€2.03 in chips) 
Seat 2: pipinoelbreve9 (€2.60 in chips) 
Seat 3: Mrjensky (€1.51 in chips) 
Seat 4: 19valerio82 (€0.99 in chips) 
Seat 5: manolo1953 (€0.83 in chips) 
Seat 6: HEAVEN KID (€5.75 in chips) 
pipinoelbreve9: posts small blind €0.01
Mrjensky: posts big blind €0.02
*** HOLE CARDS ***
Dealt to pipinoelbreve9 [2h 7h]
19valerio82: folds 
manolo1953: folds 
HEAVEN KID: folds 
Ruy Chapéu2: folds 
pipinoelbreve9: folds 
Uncalled bet (€0.01) returned to Mrjensky
Mrjensky collected €0.02 from pot
Mrjensky: doesn't show hand 
*** SUMMARY ***
Total pot €0.02 | Rake €0 
Seat 1: Ruy Chapéu2 (button) folded before Flop (didn't bet)
Seat 2: pipinoelbreve9 (small blind) folded before Flop
Seat 3: Mrjensky (big blind) collected (€0.02)
Seat 4: 19valerio82 folded before Flop (didn't bet)
Seat 5: manolo1953 folded before Flop (didn't bet)
Seat 6: HEAVEN KID folded before Flop (didn't bet)



PokerStars Zoom Hand #257531270932:  Hold'em No Limit (€0.01/€0.02) - 2025/08/29 17:03:02 CET [2025/08/29 11:03:02 ET]
Table 'Arneb' 6-max Seat #1 is the button
Seat 1: Utusuchaz (€4.59 in chips) 
Seat 2: The_Qualm (€2 in chips) 
Seat 3: Tom8724 (€1.46 in chips) 
Seat 4: pipinoelbreve9 (€2.59 in chips) 
Seat 5: Ksunm (€1.79 in chips) 
Seat 6: angel9508m (€4.42 in chips) 
The_Qualm: posts small blind €0.01
Tom8724: posts big blind €0.02
*** HOLE CARDS ***
Dealt to pipinoelbreve9 [5h 8c]
pipinoelbreve9: folds 
Ksunm: folds 
angel9508m: raises €0.02 to €0.04
Utusuchaz: raises €0.11 to €0.15
The_Qualm: folds 
Tom8724: calls €0.13
angel9508m: calls €0.11
*** FLOP *** [9d 9h 7h]
Tom8724: checks 
angel9508m: checks 
Utusuchaz: bets €0.15
Tom8724: calls €0.15
angel9508m: folds 
*** TURN *** [9d 9h 7h] [Qs]
Tom8724: checks 
Utusuchaz: checks 
*** RIVER *** [9d 9h 7h Qs] [Td]
Tom8724: checks 
Utusuchaz: bets €0.54
Tom8724: folds 
Uncalled bet (€0.54) returned to Utusuchaz
Utusuchaz collected €0.72 from pot
Utusuchaz: doesn't show hand 
*** SUMMARY ***
Total pot €0.76 | Rake €0.04 
Board [9d 9h 7h Qs Td]
Seat 1: Utusuchaz (button) collected (€0.72)
Seat 2: The_Qualm (small blind) folded before Flop
Seat 3: Tom8724 (big blind) folded on the River
Seat 4: pipinoelbreve9 folded before Flop (didn't bet)
Seat 5: Ksunm folded before Flop (didn't bet)
Seat 6: angel9508m folded on the Flop



PokerStars Zoom Hand #257531279956:  Hold'em No Limit (€0.01/€0.02) - 2025/08/29 17:03:56 CET [2025/08/29 11:03:56 ET]
Table 'Arneb' 6-max Seat #1 is the button
Seat 1: pipinoelbreve9 (€2.59 in chips) 
Seat 2: Mrjensky (€1.52 in chips) 
Seat 3: Fel2007 (€1.73 in chips) 
Seat 4: pingu_771 (€2.20 in chips) 
Seat 5: hovsjo (€3.03 in chips) 
Seat 6: McMack626 (€2.06 in chips) 
Mrjensky: posts small blind €0.01
Fel2007: posts big blind €0.02
*** HOLE CARDS ***
Dealt to pipinoelbreve9 [Kh 5d]
pingu_771: folds 
hovsjo: raises €0.03 to €0.05
McMack626: calls €0.05
pipinoelbreve9: folds 
Mrjensky: folds 
Fel2007: folds 
*** FLOP *** [4c 4d 2h]
hovsjo: checks 
McMack626: bets €0.04
hovsjo: folds 
Uncalled bet (€0.04) returned to McMack626
McMack626 collected €0.12 from pot
McMack626: doesn't show hand 
*** SUMMARY ***
Total pot €0.13 | Rake €0.01 
Board [4c 4d 2h]
Seat 1: pipinoelbreve9 (button) folded before Flop (didn't bet)
Seat 2: Mrjensky (small blind) folded before Flop
Seat 3: Fel2007 (big blind) folded before Flop
Seat 4: pingu_771 folded before Flop (didn't bet)
Seat 5: hovsjo folded on the Flop
Seat 6: McMack626 collected (€0.12)



PokerStars Zoom Hand #257531283855:  Hold'em No Limit (€0.01/€0.02) - 2025/08/29 17:04:19 CET [2025/08/29 11:04:19 ET]
Table 'Arneb' 6-max Seat #1 is the button
Seat 1: eneko83 (€5.17 in chips) 
Seat 2: The_Qualm (€2.16 in chips) 
Seat 3: PauloATDias (€6.25 in chips) 
Seat 4: AceGurb (€1.91 in chips) 
Seat 5: R.Deschain26 (€3.07 in chips) 
Seat 6: pipinoelbreve9 (€2.59 in chips) 
The_Qualm: posts small blind €0.01
PauloATDias: posts big blind €0.02
*** HOLE CARDS ***
Dealt to pipinoelbreve9 [5c 8d]
AceGurb: folds 
R.Deschain26: folds 
pipinoelbreve9: folds 
eneko83: folds 
The_Qualm: raises €0.04 to €0.06
PauloATDias: folds 
Uncalled bet (€0.04) returned to The_Qualm
The_Qualm collected €0.04 from pot
The_Qualm: doesn't show hand 
*** SUMMARY ***
Total pot €0.04 | Rake €0 
Seat 1: eneko83 (button) folded before Flop (didn't bet)
Seat 2: The_Qualm (small blind) collected (€0.04)
Seat 3: PauloATDias (big blind) folded before Flop
Seat 4: AceGurb folded before Flop (didn't bet)
Seat 5: R.Deschain26 folded before Flop (didn't bet)
Seat 6: pipinoelbreve9 folded before Flop (didn't bet)



PokerStars Zoom Hand #257531285833:  Hold'em No Limit (€0.01/€0.02) - 2025/08/29 17:04:30 CET [2025/08/29 11:04:30 ET]
Table 'Arneb' 6-max Seat #1 is the button
Seat 1: pipinoelbreve9 (€2.59 in chips) 
Seat 2: Areny_Sole (€1.41 in chips) 
Seat 3: chiinche (€2.27 in chips) 
Seat 4: eneko83 (€5.16 in chips) 
Seat 5: pantera86 (€1.86 in chips) 
Seat 6: CatchMeIfYouKen (€1.89 in chips) 
Areny_Sole: posts small blind €0.01
chiinche: posts big blind €0.02
*** HOLE CARDS ***
Dealt to pipinoelbreve9 [8d 8c]
eneko83 is disconnected 
eneko83 has timed out while disconnected
eneko83: folds 
pantera86: raises €0.02 to €0.04
CatchMeIfYouKen: folds 
pipinoelbreve9: calls €0.04
Areny_Sole: calls €0.03
chiinche: folds 
*** FLOP *** [2c 4s Ks]
Areny_Sole: checks 
pantera86: bets €0.04
pipinoelbreve9: calls €0.04
Areny_Sole: folds 
*** TURN *** [2c 4s Ks] [Tc]
pantera86: bets €0.06
pipinoelbreve9: folds 
Uncalled bet (€0.06) returned to pantera86
pantera86 collected €0.21 from pot
pantera86: doesn't show hand 
*** SUMMARY ***
Total pot €0.22 | Rake €0.01 
Board [2c 4s Ks Tc]
Seat 1: pipinoelbreve9 (button) folded on the Turn
Seat 2: Areny_Sole (small blind) folded on the Flop
Seat 3: chiinche (big blind) folded before Flop
Seat 4: eneko83 folded before Flop (didn't bet)
Seat 5: pantera86 collected (€0.21)
Seat 6: CatchMeIfYouKen folded before Flop (didn't bet)



PokerStars Zoom Hand #257531293270:  Hold'em No Limit (€0.01/€0.02) - 2025/08/29 17:05:13 CET [2025/08/29 11:05:13 ET]
Table 'Arneb' 6-max Seat #1 is the button
Seat 1: vaker01998 (€1.27 in chips) 
Seat 2: Utusuchaz (€4.96 in chips) 
Seat 3: biso_joker (€1 in chips) 
Seat 4: VEGAMAR (€2.28 in chips) 
Seat 5: pipinoelbreve9 (€2.51 in chips) 
Seat 6: Phamtom123 (€1.24 in chips) 
Utusuchaz: posts small blind €0.01
biso_joker: posts big blind €0.02
*** HOLE CARDS ***
Dealt to pipinoelbreve9 [6s 3h]
VEGAMAR: folds 
pipinoelbreve9: folds 
Phamtom123: folds 
vaker01998: folds 
Utusuchaz: folds 
Uncalled bet (€0.01) returned to biso_joker
biso_joker collected €0.02 from pot
biso_joker: doesn't show hand 
*** SUMMARY ***
Total pot €0.02 | Rake €0 
Seat 1: vaker01998 (button) folded before Flop (didn't bet)
Seat 2: Utusuchaz (small blind) folded before Flop
Seat 3: biso_joker (big blind) collected (€0.02)
Seat 4: VEGAMAR folded before Flop (didn't bet)
Seat 5: pipinoelbreve9 folded before Flop (didn't bet)
Seat 6: Phamtom123 folded before Flop (didn't bet)



PokerStars Zoom Hand #257531294966:  Hold'em No Limit (€0.01/€0.02) - 2025/08/29 17:05:23 CET [2025/08/29 11:05:23 ET]
Table 'Arneb' 6-max Seat #1 is the button
Seat 1: Diefa4466 (€3 in chips) 
Seat 2: vaker01998 (€1.27 in chips) 
Seat 3: Fel2007 (€1.82 in chips) 
Seat 4: pipinoelbreve9 (€2.51 in chips) 
Seat 5: juajord26 (€2.36 in chips) 
Seat 6: hovsjo (€1.55 in chips) 
vaker01998: posts small blind €0.01
Fel2007: posts big blind €0.02
*** HOLE CARDS ***
Dealt to pipinoelbreve9 [9h Ks]
pipinoelbreve9: folds 
juajord26: folds 
hovsjo: folds 
Diefa4466: folds 
vaker01998: folds 
Uncalled bet (€0.01) returned to Fel2007
Fel2007 collected €0.02 from pot
Fel2007: doesn't show hand 
*** SUMMARY ***
Total pot €0.02 | Rake €0 
Seat 1: Diefa4466 (button) folded before Flop (didn't bet)
Seat 2: vaker01998 (small blind) folded before Flop
Seat 3: Fel2007 (big blind) collected (€0.02)
Seat 4: pipinoelbreve9 folded before Flop (didn't bet)
Seat 5: juajord26 folded before Flop (didn't bet)
Seat 6: hovsjo folded before Flop (didn't bet)



PokerStars Zoom Hand #257531296262:  Hold'em No Limit (€0.01/€0.02) - 2025/08/29 17:05:30 CET [2025/08/29 11:05:30 ET]
Table 'Arneb' 6-max Seat #1 is the button
Seat 1: Utusuchaz (€2.10 in chips) 
Seat 2: iulian777333 (€2.42 in chips) 
Seat 3: pipinoelbreve9 (€2.51 in chips) 
Seat 4: juajord26 (€2.36 in chips) 
Seat 5: manolo1953 (€0.86 in chips) 
Seat 6: HEAVEN KID (€6.42 in chips) 
iulian777333: posts small blind €0.01
pipinoelbreve9: posts big blind €0.02
*** HOLE CARDS ***
Dealt to pipinoelbreve9 [Js Ad]
juajord26: folds 
manolo1953: folds 
HEAVEN KID: folds 
Utusuchaz: raises €0.03 to €0.05
iulian777333: raises €0.03 to €0.08
pipinoelbreve9: raises €0.25 to €0.33
Utusuchaz: folds 
iulian777333: calls €0.25
*** FLOP *** [6d 7c 3c]
iulian777333: bets €0.34
pipinoelbreve9: folds 
Uncalled bet (€0.34) returned to iulian777333
iulian777333 collected €0.67 from pot
iulian777333: doesn't show hand 
*** SUMMARY ***
Total pot €0.71 | Rake €0.04 
Board [6d 7c 3c]
Seat 1: Utusuchaz (button) folded before Flop
Seat 2: iulian777333 (small blind) collected (€0.67)
Seat 3: pipinoelbreve9 (big blind) folded on the Flop
Seat 4: juajord26 folded before Flop (didn't bet)
Seat 5: manolo1953 folded before Flop (didn't bet)
Seat 6: HEAVEN KID folded before Flop (didn't bet)



PokerStars Zoom Hand #257531301613:  Hold'em No Limit (€0.01/€0.02) - 2025/08/29 17:06:02 CET [2025/08/29 11:06:02 ET]
Table 'Arneb' 6-max Seat #1 is the button
Seat 1: gateunas (€1.99 in chips) 
Seat 2: AceGurb (€2.99 in chips) 
Seat 3: kombei63 (€1.50 in chips) 
Seat 4: aixosi (€3.18 in chips) 
Seat 5: pipinoelbreve9 (€2.18 in chips) 
Seat 6: Utusuchaz (€2.98 in chips) 
AceGurb: posts small blind €0.01
kombei63: posts big blind €0.02
*** HOLE CARDS ***
Dealt to pipinoelbreve9 [2h 9d]
aixosi: folds 
pipinoelbreve9: folds 
Utusuchaz: folds 
gateunas: raises €0.05 to €0.07
AceGurb: folds 
kombei63: folds 
Uncalled bet (€0.05) returned to gateunas
gateunas collected €0.05 from pot
gateunas: doesn't show hand 
*** SUMMARY ***
Total pot €0.05 | Rake €0 
Seat 1: gateunas (button) collected (€0.05)
Seat 2: AceGurb (small blind) folded before Flop
Seat 3: kombei63 (big blind) folded before Flop
Seat 4: aixosi folded before Flop (didn't bet)
Seat 5: pipinoelbreve9 folded before Flop (didn't bet)
Seat 6: Utusuchaz folded before Flop (didn't bet)



PokerStars Zoom Hand #257531303726:  Hold'em No Limit (€0.01/€0.02) - 2025/08/29 17:06:14 CET [2025/08/29 11:06:14 ET]
Table 'Arneb' 6-max Seat #1 is the button
Seat 1: chiinche (€2.26 in chips) 
Seat 2: pipinoelbreve9 (€2.18 in chips) 
Seat 3: Utusuchaz (€2.98 in chips) 
Seat 4: Diefa4466 (€3.02 in chips) 
Seat 5: iulian777333 (€2.79 in chips) 
Seat 6: R.Deschain26 (€3.14 in chips) 
pipinoelbreve9: posts small blind €0.01
Utusuchaz: posts big blind €0.02
*** HOLE CARDS ***
Dealt to pipinoelbreve9 [Kc As]
Diefa4466: folds 
iulian777333: calls €0.02
R.Deschain26: folds 
chiinche: folds 
pipinoelbreve9: raises €0.08 to €0.10
Utusuchaz: folds 
iulian777333: calls €0.08
*** FLOP *** [9d 9s Tc]
pipinoelbreve9: checks 
iulian777333: checks 
*** TURN *** [9d 9s Tc] [Kd]
pipinoelbreve9: bets €0.11
iulian777333: folds 
Uncalled bet (€0.11) returned to pipinoelbreve9
pipinoelbreve9 collected €0.21 from pot
pipinoelbreve9: doesn't show hand 
*** SUMMARY ***
Total pot €0.22 | Rake €0.01 
Board [9d 9s Tc Kd]
Seat 1: chiinche (button) folded before Flop (didn't bet)
Seat 2: pipinoelbreve9 (small blind) collected (€0.21)
Seat 3: Utusuchaz (big blind) folded before Flop
Seat 4: Diefa4466 folded before Flop (didn't bet)
Seat 5: iulian777333 folded on the Turn
Seat 6: R.Deschain26 folded before Flop (didn't bet)



PokerStars Zoom Hand #257531309330:  Hold'em No Limit (€0.01/€0.02) - 2025/08/29 17:06:47 CET [2025/08/29 11:06:47 ET]
Table 'Arneb' 6-max Seat #1 is the button
Seat 1: pipinoelbreve9 (€2.29 in chips) 
Seat 2: mandru80 (€1.09 in chips) 
Seat 3: R.Deschain26 (€2 in chips) 
Seat 4: aixosi (€2.07 in chips) 
Seat 5: pantera86 (€1.67 in chips) 
Seat 6: manolo1953 (€0.78 in chips) 
mandru80: posts small blind €0.01
R.Deschain26: posts big blind €0.02
*** HOLE CARDS ***
Dealt to pipinoelbreve9 [9h 8s]
aixosi: folds 
pantera86: raises €0.02 to €0.04
manolo1953: calls €0.04
pipinoelbreve9: folds 
mandru80: folds 
R.Deschain26: folds 
*** FLOP *** [4h 3h 2s]
pantera86: bets €0.03
manolo1953: calls €0.03
*** TURN *** [4h 3h 2s] [Kd]
pantera86: bets €0.05
manolo1953: calls €0.05
*** RIVER *** [4h 3h 2s Kd] [Td]
pantera86: bets €0.08
manolo1953: folds 
Uncalled bet (€0.08) returned to pantera86
pantera86 collected €0.26 from pot
pantera86: doesn't show hand 
*** SUMMARY ***
Total pot €0.27 | Rake €0.01 
Board [4h 3h 2s Kd Td]
Seat 1: pipinoelbreve9 (button) folded before Flop (didn't bet)
Seat 2: mandru80 (small blind) folded before Flop
Seat 3: R.Deschain26 (big blind) folded before Flop
Seat 4: aixosi folded before Flop (didn't bet)
Seat 5: pantera86 collected (€0.26)
Seat 6: manolo1953 folded on the River



PokerStars Zoom Hand #257531310749:  Hold'em No Limit (€0.01/€0.02) - 2025/08/29 17:06:55 CET [2025/08/29 11:06:55 ET]
Table 'Arneb' 6-max Seat #1 is the button
Seat 1: kombei63 (€1.42 in chips) 
Seat 2: eric stl 196 (€2.28 in chips) 
Seat 3: Abrelatas787 (€4.56 in chips) 
Seat 4: pipinoelbreve9 (€2.29 in chips) 
Seat 5: vaker01998 (€1.99 in chips) 
Seat 6: biso_joker (€0.96 in chips) 
eric stl 196: posts small blind €0.01
Abrelatas787: posts big blind €0.02
*** HOLE CARDS ***
Dealt to pipinoelbreve9 [Kd Ah]
pipinoelbreve9: raises €0.04 to €0.06
vaker01998: folds 
biso_joker: folds 
kombei63: calls €0.06
eric stl 196: folds 
Abrelatas787: folds 
*** FLOP *** [6h Ts 5s]
pipinoelbreve9: checks 
kombei63: checks 
*** TURN *** [6h Ts 5s] [Qs]
pipinoelbreve9: checks 
kombei63: bets €0.06
pipinoelbreve9: calls €0.06
*** RIVER *** [6h Ts 5s Qs] [6d]
pipinoelbreve9: checks 
kombei63: bets €0.13
pipinoelbreve9: folds 
Uncalled bet (€0.13) returned to kombei63
kombei63 collected €0.26 from pot
kombei63: doesn't show hand 
*** SUMMARY ***
Total pot €0.27 | Rake €0.01 
Board [6h Ts 5s Qs 6d]
Seat 1: kombei63 (button) collected (€0.26)
Seat 2: eric stl 196 (small blind) folded before Flop
Seat 3: Abrelatas787 (big blind) folded before Flop
Seat 4: pipinoelbreve9 folded on the River
Seat 5: vaker01998 folded before Flop (didn't bet)
Seat 6: biso_joker folded before Flop (didn't bet)



PokerStars Zoom Hand #257531317706:  Hold'em No Limit (€0.01/€0.02) - 2025/08/29 17:07:35 CET [2025/08/29 11:07:35 ET]
Table 'Arneb' 6-max Seat #1 is the button
Seat 1: juanlu2000china (€1.40 in chips) 
Seat 2: hovsjo (€1.40 in chips) 
Seat 3: Diefa4466 (€2.08 in chips) 
Seat 4: AlexRoulette (€3.89 in chips) 
Seat 5: A.montes1993 (€3.28 in chips) 
Seat 6: pipinoelbreve9 (€2.17 in chips) 
hovsjo: posts small blind €0.01
Diefa4466: posts big blind €0.02
*** HOLE CARDS ***
Dealt to pipinoelbreve9 [3s 2c]
AlexRoulette: folds 
A.montes1993: folds 
pipinoelbreve9: folds 
juanlu2000china: raises €0.02 to €0.04
hovsjo: folds 
Diefa4466: folds 
Uncalled bet (€0.02) returned to juanlu2000china
juanlu2000china collected €0.05 from pot
juanlu2000china: doesn't show hand 
*** SUMMARY ***
Total pot €0.05 | Rake €0 
Seat 1: juanlu2000china (button) collected (€0.05)
Seat 2: hovsjo (small blind) folded before Flop
Seat 3: Diefa4466 (big blind) folded before Flop
Seat 4: AlexRoulette folded before Flop (didn't bet)
Seat 5: A.montes1993 folded before Flop (didn't bet)
Seat 6: pipinoelbreve9 folded before Flop (didn't bet)



PokerStars Zoom Hand #257531319106:  Hold'em No Limit (€0.01/€0.02) - 2025/08/29 17:07:43 CET [2025/08/29 11:07:43 ET]
Table 'Arneb' 6-max Seat #1 is the button
Seat 1: gateunas (€1.96 in chips) 
Seat 2: Utusuchaz (€4.99 in chips) 
Seat 3: Ruy Chapéu2 (€3.63 in chips) 
Seat 4: pipinoelbreve9 (€2.17 in chips) 
Seat 5: FishamanReggae (€1.59 in chips) 
Seat 6: kombei63 (€1.55 in chips) 
Utusuchaz: posts small blind €0.01
Ruy Chapéu2: posts big blind €0.02
*** HOLE CARDS ***
Dealt to pipinoelbreve9 [6h Jc]
pipinoelbreve9: folds 
FishamanReggae: calls €0.02
kombei63: folds 
gateunas: folds 
Utusuchaz: folds 
Ruy Chapéu2: checks 
*** FLOP *** [As 9c Th]
Ruy Chapéu2: checks 
FishamanReggae: bets €0.05
Ruy Chapéu2: folds 
Uncalled bet (€0.05) returned to FishamanReggae
FishamanReggae collected €0.05 from pot
FishamanReggae: doesn't show hand 
*** SUMMARY ***
Total pot €0.05 | Rake €0 
Board [As 9c Th]
Seat 1: gateunas (button) folded before Flop (didn't bet)
Seat 2: Utusuchaz (small blind) folded before Flop
Seat 3: Ruy Chapéu2 (big blind) folded on the Flop
Seat 4: pipinoelbreve9 folded before Flop (didn't bet)
Seat 5: FishamanReggae collected (€0.05)
Seat 6: kombei63 folded before Flop (didn't bet)



PokerStars Zoom Hand #257531320171:  Hold'em No Limit (€0.01/€0.02) - 2025/08/29 17:07:49 CET [2025/08/29 11:07:49 ET]
Table 'Arneb' 6-max Seat #1 is the button
Seat 1: linto2800 (€2.14 in chips) 
Seat 2: pipinoelbreve9 (€2.17 in chips) 
Seat 3: morganlee66 (€1.09 in chips) 
Seat 4: hovsjo (€1.39 in chips) 
Seat 5: biso_joker (€0.91 in chips) 
Seat 6: Reefcat2 (€1.75 in chips) 
pipinoelbreve9: posts small blind €0.01
morganlee66: posts big blind €0.02
*** HOLE CARDS ***
Dealt to pipinoelbreve9 [3s 4s]
hovsjo: folds 
biso_joker: folds 
Reefcat2: raises €0.03 to €0.05
linto2800: calls €0.05
pipinoelbreve9: calls €0.04
morganlee66: calls €0.03
*** FLOP *** [2c 6c Kd]
pipinoelbreve9: checks 
morganlee66: checks 
Reefcat2: checks 
linto2800: bets €0.02
pipinoelbreve9: calls €0.02
morganlee66: folds 
Reefcat2: calls €0.02
*** TURN *** [2c 6c Kd] [As]
pipinoelbreve9: bets €0.09
Reefcat2: folds 
linto2800: calls €0.09
*** RIVER *** [2c 6c Kd As] [7h]
pipinoelbreve9: checks 
linto2800: bets €0.14
pipinoelbreve9: folds 
Uncalled bet (€0.14) returned to linto2800
linto2800 collected €0.42 from pot
linto2800: doesn't show hand 
*** SUMMARY ***
Total pot €0.44 | Rake €0.02 
Board [2c 6c Kd As 7h]
Seat 1: linto2800 (button) collected (€0.42)
Seat 2: pipinoelbreve9 (small blind) folded on the River
Seat 3: morganlee66 (big blind) folded on the Flop
Seat 4: hovsjo folded before Flop (didn't bet)
Seat 5: biso_joker folded before Flop (didn't bet)
Seat 6: Reefcat2 folded on the Turn



