PokerStars Zoom Hand #257556938455:  Hold'em No Limit (€0.01/€0.02) - 2025/08/31 16:25:42 CET [2025/08/31 10:25:42 ET]
Table 'Arneb' 6-max Seat #1 is the button
Seat 1: Nikao77580 (€1.45 in chips) 
Seat 2: 76jusab76 (€1.05 in chips) 
Seat 3: pipinoelbreve9 (€2 in chips) 
Seat 4: savoulikas (€3.15 in chips) 
Seat 5: DarkSidious666 (€2.99 in chips) 
Seat 6: maridevayres (€2.25 in chips) 
76jusab76: posts small blind €0.01
pipinoelbreve9: posts big blind €0.02
*** HOLE CARDS ***
Dealt to pipinoelbreve9 [7s Qs]
savoulikas: raises €0.04 to €0.06
DarkSidious666: folds 
maridevayres: folds 
Nikao77580: folds 
76jusab76: folds 
pipinoelbreve9: calls €0.04
*** FLOP *** [Qh Ac Jd]
pipinoelbreve9: checks 
savoulikas: bets €0.06
pipinoelbreve9: calls €0.06
*** TURN *** [Qh Ac Jd] [8d]
pipinoelbreve9: checks 
savoulikas: bets €0.12
pipinoelbreve9: folds 
Uncalled bet (€0.12) returned to savoulikas
savoulikas collected €0.24 from pot
savoulikas: doesn't show hand 
*** SUMMARY ***
Total pot €0.25 | Rake €0.01 
Board [Qh Ac Jd 8d]
Seat 1: Nikao77580 (button) folded before Flop (didn't bet)
Seat 2: 76jusab76 (small blind) folded before Flop
Seat 3: pipinoelbreve9 (big blind) folded on the Turn
Seat 4: savoulikas collected (€0.24)
Seat 5: DarkSidious666 folded before Flop (didn't bet)
Seat 6: maridevayres folded before Flop (didn't bet)



PokerStars Zoom Hand #257556946013:  Hold'em No Limit (€0.01/€0.02) - 2025/08/31 16:26:23 CET [2025/08/31 10:26:23 ET]
Table 'Arneb' 6-max Seat #1 is the button
Seat 1: Juanmi5135 (€2.10 in chips) 
Seat 2: candarias (€0.92 in chips) 
Seat 3: fran.pkr55 (€2 in chips) 
Seat 4: XXILuv (€4.02 in chips) 
Seat 5: palero88 (€3.53 in chips) 
Seat 6: pipinoelbreve9 (€2 in chips) 
candarias: posts small blind €0.01
fran.pkr55: posts big blind €0.02
*** HOLE CARDS ***
Dealt to pipinoelbreve9 [Th 4s]
XXILuv: raises €0.03 to €0.05
palero88: folds 
pipinoelbreve9: folds 
Juanmi5135: folds 
candarias: folds 
fran.pkr55: folds 
Uncalled bet (€0.03) returned to XXILuv
XXILuv collected €0.05 from pot
XXILuv: doesn't show hand 
*** SUMMARY ***
Total pot €0.05 | Rake €0 
Seat 1: Juanmi5135 (button) folded before Flop (didn't bet)
Seat 2: candarias (small blind) folded before Flop
Seat 3: fran.pkr55 (big blind) folded before Flop
Seat 4: XXILuv collected (€0.05)
Seat 5: palero88 folded before Flop (didn't bet)
Seat 6: pipinoelbreve9 folded before Flop (didn't bet)



PokerStars Zoom Hand #257556947101:  Hold'em No Limit (€0.01/€0.02) - 2025/08/31 16:26:28 CET [2025/08/31 10:26:28 ET]
Table 'Arneb' 6-max Seat #1 is the button
Seat 1: juanlu2000china (€2.97 in chips) 
Seat 2: pipinoelbreve9 (€2 in chips) 
Seat 3: gregoss054 (€2 in chips) 
Seat 4: davidelgnomo747 (€0.86 in chips) 
Seat 5: DarkSidious666 (€2.43 in chips) 
Seat 6: 34pluto (€1.98 in chips) 
pipinoelbreve9: posts small blind €0.01
gregoss054: posts big blind €0.02
*** HOLE CARDS ***
Dealt to pipinoelbreve9 [6h Qh]
davidelgnomo747: folds 
DarkSidious666: raises €0.04 to €0.06
34pluto: raises €0.15 to €0.21
juanlu2000china: folds 
pipinoelbreve9: folds 
gregoss054: folds 
DarkSidious666: folds 
Uncalled bet (€0.15) returned to 34pluto
34pluto collected €0.15 from pot
34pluto: doesn't show hand 
*** SUMMARY ***
Total pot €0.15 | Rake €0 
Seat 1: juanlu2000china (button) folded before Flop (didn't bet)
Seat 2: pipinoelbreve9 (small blind) folded before Flop
Seat 3: gregoss054 (big blind) folded before Flop
Seat 4: davidelgnomo747 folded before Flop (didn't bet)
Seat 5: DarkSidious666 folded before Flop
Seat 6: 34pluto collected (€0.15)



PokerStars Zoom Hand #257556950849:  Hold'em No Limit (€0.01/€0.02) - 2025/08/31 16:26:48 CET [2025/08/31 10:26:48 ET]
Table 'Arneb' 6-max Seat #1 is the button
Seat 1: pipinoelbreve9 (€2 in chips) 
Seat 2: RichyPozo (€3.85 in chips) 
Seat 3: crevi_066 (€2 in chips) 
Seat 4: Atox913 (€0.93 in chips) 
Seat 5: lasdecall (€2.05 in chips) 
Seat 6: osking118 (€1.48 in chips) 
RichyPozo: posts small blind €0.01
crevi_066: posts big blind €0.02
*** HOLE CARDS ***
Dealt to pipinoelbreve9 [4c 7h]
Atox913: raises €0.02 to €0.04
lasdecall: folds 
osking118: folds 
pipinoelbreve9: folds 
RichyPozo: folds 
crevi_066: folds 
Uncalled bet (€0.02) returned to Atox913
Atox913 collected €0.05 from pot
Atox913: doesn't show hand 
*** SUMMARY ***
Total pot €0.05 | Rake €0 
Seat 1: pipinoelbreve9 (button) folded before Flop (didn't bet)
Seat 2: RichyPozo (small blind) folded before Flop
Seat 3: crevi_066 (big blind) folded before Flop
Seat 4: Atox913 collected (€0.05)
Seat 5: lasdecall folded before Flop (didn't bet)
Seat 6: osking118 folded before Flop (didn't bet)



PokerStars Zoom Hand #257556951977:  Hold'em No Limit (€0.01/€0.02) - 2025/08/31 16:26:55 CET [2025/08/31 10:26:55 ET]
Table 'Arneb' 6-max Seat #1 is the button
Seat 1: VEGAMAR (€2 in chips) 
Seat 2: davidelgnomo747 (€0.84 in chips) 
Seat 3: km030625 (€2 in chips) 
Seat 4: juanlu2000china (€2.96 in chips) 
Seat 5: pipinoelbreve9 (€2 in chips) 
Seat 6: ehbraga (€0.93 in chips) 
davidelgnomo747: posts small blind €0.01
km030625: posts big blind €0.02
*** HOLE CARDS ***
Dealt to pipinoelbreve9 [Kd 3h]
juanlu2000china: folds 
pipinoelbreve9: folds 
ehbraga: folds 
VEGAMAR: folds 
davidelgnomo747: folds 
Uncalled bet (€0.01) returned to km030625
km030625 collected €0.02 from pot
km030625: doesn't show hand 
*** SUMMARY ***
Total pot €0.02 | Rake €0 
Seat 1: VEGAMAR (button) folded before Flop (didn't bet)
Seat 2: davidelgnomo747 (small blind) folded before Flop
Seat 3: km030625 (big blind) collected (€0.02)
Seat 4: juanlu2000china folded before Flop (didn't bet)
Seat 5: pipinoelbreve9 folded before Flop (didn't bet)
Seat 6: ehbraga folded before Flop (didn't bet)



PokerStars Zoom Hand #257556953851:  Hold'em No Limit (€0.01/€0.02) - 2025/08/31 16:27:05 CET [2025/08/31 10:27:05 ET]
Table 'Arneb' 6-max Seat #1 is the button
Seat 1: calou100 (€1.61 in chips) 
Seat 2: lasdecall (€2.24 in chips) 
Seat 3: gregoss054 (€2 in chips) 
Seat 4: 2tortosa (€1.94 in chips) 
Seat 5: pipinoelbreve9 (€2 in chips) 
Seat 6: davidelgnomo747 (€0.83 in chips) 
lasdecall: posts small blind €0.01
gregoss054: posts big blind €0.02
*** HOLE CARDS ***
Dealt to pipinoelbreve9 [9d As]
2tortosa: folds 
pipinoelbreve9 has timed out
pipinoelbreve9: folds 
davidelgnomo747: folds 
calou100: folds 
lasdecall: folds 
Uncalled bet (€0.01) returned to gregoss054
gregoss054 collected €0.02 from pot
gregoss054: doesn't show hand 
*** SUMMARY ***
Total pot €0.02 | Rake €0 
Seat 1: calou100 (button) folded before Flop (didn't bet)
Seat 2: lasdecall (small blind) folded before Flop
Seat 3: gregoss054 (big blind) collected (€0.02)
Seat 4: 2tortosa folded before Flop (didn't bet)
Seat 5: pipinoelbreve9 folded before Flop (didn't bet)
Seat 6: davidelgnomo747 folded before Flop (didn't bet)



PokerStars Zoom Hand #257556958150:  Hold'em No Limit (€0.01/€0.02) - 2025/08/31 16:27:29 CET [2025/08/31 10:27:29 ET]
Table 'Arneb' 6-max Seat #1 is the button
Seat 1: MichaëLR7 (€1.55 in chips) 
Seat 2: K4K1 (€3.81 in chips) 
Seat 3: pipinoelbreve9 (€2 in chips) 
Seat 4: fran.pkr55 (€2.40 in chips) 
Seat 5: Atox913 (€0.94 in chips) 
Seat 6: osking118 (€1.52 in chips) 
K4K1: posts small blind €0.01
pipinoelbreve9: posts big blind €0.02
*** HOLE CARDS ***
Dealt to pipinoelbreve9 [Tc 3s]
fran.pkr55: folds 
Atox913: raises €0.04 to €0.06
osking118: folds 
MichaëLR7: folds 
K4K1: folds 
pipinoelbreve9: folds 
Uncalled bet (€0.04) returned to Atox913
Atox913 collected €0.05 from pot
Atox913: doesn't show hand 
*** SUMMARY ***
Total pot €0.05 | Rake €0 
Seat 1: MichaëLR7 (button) folded before Flop (didn't bet)
Seat 2: K4K1 (small blind) folded before Flop
Seat 3: pipinoelbreve9 (big blind) folded before Flop
Seat 4: fran.pkr55 folded before Flop (didn't bet)
Seat 5: Atox913 collected (€0.05)
Seat 6: osking118 folded before Flop (didn't bet)



PokerStars Zoom Hand #257556959844:  Hold'em No Limit (€0.01/€0.02) - 2025/08/31 16:27:38 CET [2025/08/31 10:27:38 ET]
Table 'Arneb' 6-max Seat #1 is the button
Seat 1: fran.pkr55 (€2.40 in chips) 
Seat 2: pipinoelbreve9 (€2 in chips) 
Seat 3: DavSnook (€2.21 in chips) 
Seat 4: Juanmi5135 (€2.03 in chips) 
Seat 5: MichaëLR7 (€1.55 in chips) 
Seat 6: Ferchyman77 (€2.99 in chips) 
pipinoelbreve9: posts small blind €0.01
DavSnook: posts big blind €0.02
*** HOLE CARDS ***
Dealt to pipinoelbreve9 [Jc Kh]
Juanmi5135: folds 
MichaëLR7: folds 
Ferchyman77: folds 
fran.pkr55: folds 
pipinoelbreve9: raises €0.04 to €0.06
DavSnook: calls €0.04
*** FLOP *** [9c 6d 5s]
pipinoelbreve9: checks 
DavSnook: checks 
*** TURN *** [9c 6d 5s] [Kc]
pipinoelbreve9: bets €0.06
DavSnook: folds 
Uncalled bet (€0.06) returned to pipinoelbreve9
pipinoelbreve9 collected €0.11 from pot
pipinoelbreve9: doesn't show hand 
*** SUMMARY ***
Total pot €0.12 | Rake €0.01 
Board [9c 6d 5s Kc]
Seat 1: fran.pkr55 (button) folded before Flop (didn't bet)
Seat 2: pipinoelbreve9 (small blind) collected (€0.11)
Seat 3: DavSnook (big blind) folded on the Turn
Seat 4: Juanmi5135 folded before Flop (didn't bet)
Seat 5: MichaëLR7 folded before Flop (didn't bet)
Seat 6: Ferchyman77 folded before Flop (didn't bet)



PokerStars Zoom Hand #257556966347:  Hold'em No Limit (€0.01/€0.02) - 2025/08/31 16:28:13 CET [2025/08/31 10:28:13 ET]
Table 'Arneb' 6-max Seat #1 is the button
Seat 1: Juanmi5135 (€2.03 in chips) 
Seat 2: osking118 (€1.53 in chips) 
Seat 3: Alejandro291925 (€1.11 in chips) 
Seat 4: DarkSidious666 (€6.16 in chips) 
Seat 5: elperrosequema (€1.18 in chips) 
Seat 6: pipinoelbreve9 (€2.05 in chips) 
osking118: posts small blind €0.01
Alejandro291925: posts big blind €0.02
*** HOLE CARDS ***
Dealt to pipinoelbreve9 [2h Ks]
DarkSidious666: folds 
elperrosequema: folds 
pipinoelbreve9: folds 
Juanmi5135: folds 
osking118: folds 
Uncalled bet (€0.01) returned to Alejandro291925
Alejandro291925 collected €0.02 from pot
Alejandro291925: doesn't show hand 
*** SUMMARY ***
Total pot €0.02 | Rake €0 
Seat 1: Juanmi5135 (button) folded before Flop (didn't bet)
Seat 2: osking118 (small blind) folded before Flop
Seat 3: Alejandro291925 (big blind) collected (€0.02)
Seat 4: DarkSidious666 folded before Flop (didn't bet)
Seat 5: elperrosequema folded before Flop (didn't bet)
Seat 6: pipinoelbreve9 folded before Flop (didn't bet)



PokerStars Zoom Hand #257556965067:  Hold'em No Limit (€0.01/€0.02) - 2025/08/31 16:28:06 CET [2025/08/31 10:28:06 ET]
Table 'Arneb' 6-max Seat #1 is the button
Seat 1: pipinoelbreve9 (€2.05 in chips) 
Seat 2: JaluChe (€1.50 in chips) 
Seat 3: XXILuv (€2.77 in chips) 
Seat 4: VEGAMAR (€2 in chips) 
Seat 5: lasdecall (€2.04 in chips) 
Seat 6: 2tortosa (€2.16 in chips) 
JaluChe: posts small blind €0.01
XXILuv: posts big blind €0.02
*** HOLE CARDS ***
Dealt to pipinoelbreve9 [Kh 2d]
VEGAMAR: folds 
lasdecall: raises €0.04 to €0.06
2tortosa: folds 
pipinoelbreve9: folds 
JaluChe: folds 
XXILuv: calls €0.04
*** FLOP *** [2h Tc 4c]
XXILuv: bets €0.08
lasdecall: calls €0.08
*** TURN *** [2h Tc 4c] [8d]
XXILuv: checks 
lasdecall: bets €0.20
XXILuv: folds 
Uncalled bet (€0.20) returned to lasdecall
lasdecall collected €0.28 from pot
lasdecall: doesn't show hand 
*** SUMMARY ***
Total pot €0.29 | Rake €0.01 
Board [2h Tc 4c 8d]
Seat 1: pipinoelbreve9 (button) folded before Flop (didn't bet)
Seat 2: JaluChe (small blind) folded before Flop
Seat 3: XXILuv (big blind) folded on the Turn
Seat 4: VEGAMAR folded before Flop (didn't bet)
Seat 5: lasdecall collected (€0.28)
Seat 6: 2tortosa folded before Flop (didn't bet)



PokerStars Zoom Hand #257556967528:  Hold'em No Limit (€0.01/€0.02) - 2025/08/31 16:28:19 CET [2025/08/31 10:28:19 ET]
Table 'Arneb' 6-max Seat #1 is the button
Seat 1: GamerVidal (€5.43 in chips) 
Seat 2: lasdecall (€2.19 in chips) 
Seat 3: Atox913 (€0.99 in chips) 
Seat 4: poteaarte (€4.84 in chips) 
Seat 5: pipinoelbreve9 (€2.05 in chips) 
Seat 6: RichyPozo (€3.05 in chips) 
lasdecall: posts small blind €0.01
Atox913: posts big blind €0.02
*** HOLE CARDS ***
Dealt to pipinoelbreve9 [Jh Ah]
poteaarte: folds 
pipinoelbreve9: raises €0.02 to €0.04
RichyPozo: raises €0.10 to €0.14
GamerVidal: folds 
lasdecall: folds 
Atox913: folds 
pipinoelbreve9: calls €0.10
*** FLOP *** [3c Ad 9h]
pipinoelbreve9: checks 
RichyPozo: bets €0.10
pipinoelbreve9: calls €0.10
*** TURN *** [3c Ad 9h] [9s]
pipinoelbreve9: bets €0.24
RichyPozo: folds 
Uncalled bet (€0.24) returned to pipinoelbreve9
pipinoelbreve9 collected €0.48 from pot
pipinoelbreve9: doesn't show hand 
*** SUMMARY ***
Total pot €0.51 | Rake €0.03 
Board [3c Ad 9h 9s]
Seat 1: GamerVidal (button) folded before Flop (didn't bet)
Seat 2: lasdecall (small blind) folded before Flop
Seat 3: Atox913 (big blind) folded before Flop
Seat 4: poteaarte folded before Flop (didn't bet)
Seat 5: pipinoelbreve9 collected (€0.48)
Seat 6: RichyPozo folded on the Turn



PokerStars Zoom Hand #257556978743:  Hold'em No Limit (€0.01/€0.02) - 2025/08/31 16:29:20 CET [2025/08/31 10:29:20 ET]
Table 'Arneb' 6-max Seat #1 is the button
Seat 1: Ferchyman77 (€2.12 in chips) 
Seat 2: gregoss054 (€2 in chips) 
Seat 3: pipinoelbreve9 (€2.29 in chips) 
Seat 4: km030625 (€2 in chips) 
Seat 5: DarkSidious666 (€6.09 in chips) 
Seat 6: juanlu2000china (€2.86 in chips) 
gregoss054: posts small blind €0.01
pipinoelbreve9: posts big blind €0.02
*** HOLE CARDS ***
Dealt to pipinoelbreve9 [Ac Kd]
km030625 has timed out
km030625: folds 
DarkSidious666: folds 
juanlu2000china: folds 
Ferchyman77: folds 
gregoss054: folds 
Uncalled bet (€0.01) returned to pipinoelbreve9
pipinoelbreve9 collected €0.02 from pot
pipinoelbreve9: doesn't show hand 
*** SUMMARY ***
Total pot €0.02 | Rake €0 
Seat 1: Ferchyman77 (button) folded before Flop (didn't bet)
Seat 2: gregoss054 (small blind) folded before Flop
Seat 3: pipinoelbreve9 (big blind) collected (€0.02)
Seat 4: km030625 folded before Flop (didn't bet)
Seat 5: DarkSidious666 folded before Flop (didn't bet)
Seat 6: juanlu2000china folded before Flop (didn't bet)



PokerStars Zoom Hand #257556977703:  Hold'em No Limit (€0.01/€0.02) - 2025/08/31 16:29:15 CET [2025/08/31 10:29:15 ET]
Table 'Arneb' 6-max Seat #1 is the button
Seat 1: poteaarte (€2.47 in chips) 
Seat 2: km030625 (€2.17 in chips) 
Seat 3: RichyPozo (€3.82 in chips) 
Seat 4: pipinoelbreve9 (€2.29 in chips) 
Seat 5: Frozdonk (€1.72 in chips) 
Seat 6: gymdesdecasa (€0.71 in chips) 
km030625: posts small blind €0.01
RichyPozo: posts big blind €0.02
*** HOLE CARDS ***
Dealt to pipinoelbreve9 [8d As]
pipinoelbreve9: folds 
Frozdonk: folds 
gymdesdecasa: raises €0.08 to €0.10
poteaarte: calls €0.10
km030625: folds 
RichyPozo: calls €0.08
*** FLOP *** [2c Ks 4s]
RichyPozo: checks 
gymdesdecasa: bets €0.02
poteaarte: calls €0.02
RichyPozo: calls €0.02
*** TURN *** [2c Ks 4s] [Ts]
RichyPozo: checks 
gymdesdecasa: bets €0.16
poteaarte: folds 
RichyPozo: folds 
Uncalled bet (€0.16) returned to gymdesdecasa
gymdesdecasa collected €0.35 from pot
gymdesdecasa: doesn't show hand 
*** SUMMARY ***
Total pot €0.37 | Rake €0.02 
Board [2c Ks 4s Ts]
Seat 1: poteaarte (button) folded on the Turn
Seat 2: km030625 (small blind) folded before Flop
Seat 3: RichyPozo (big blind) folded on the Turn
Seat 4: pipinoelbreve9 folded before Flop (didn't bet)
Seat 5: Frozdonk folded before Flop (didn't bet)
Seat 6: gymdesdecasa collected (€0.35)



PokerStars Zoom Hand #257556983091:  Hold'em No Limit (€0.01/€0.02) - 2025/08/31 16:29:44 CET [2025/08/31 10:29:44 ET]
Table 'Arneb' 6-max Seat #1 is the button
Seat 1: 34pluto (€1.56 in chips) 
Seat 2: pipinoelbreve9 (€2.30 in chips) 
Seat 3: Diegoalm (€0.85 in chips) 
Seat 4: VEGAMAR (€2.01 in chips) 
Seat 5: Ferchyman77 (€2.31 in chips) 
Seat 6: DavSnook (€4.22 in chips) 
pipinoelbreve9: posts small blind €0.01
Diegoalm: posts big blind €0.02
*** HOLE CARDS ***
Dealt to pipinoelbreve9 [3d 6d]
VEGAMAR: folds 
Ferchyman77: folds 
DavSnook: folds 
34pluto: folds 
pipinoelbreve9: calls €0.01
Diegoalm: checks 
*** FLOP *** [9c 7d Kc]
pipinoelbreve9: checks 
Diegoalm: checks 
*** TURN *** [9c 7d Kc] [8s]
pipinoelbreve9: checks 
Diegoalm: bets €0.02
pipinoelbreve9: folds 
Uncalled bet (€0.02) returned to Diegoalm
Diegoalm collected €0.04 from pot
Diegoalm: doesn't show hand 
*** SUMMARY ***
Total pot €0.04 | Rake €0 
Board [9c 7d Kc 8s]
Seat 1: 34pluto (button) folded before Flop (didn't bet)
Seat 2: pipinoelbreve9 (small blind) folded on the Turn
Seat 3: Diegoalm (big blind) collected (€0.04)
Seat 4: VEGAMAR folded before Flop (didn't bet)
Seat 5: Ferchyman77 folded before Flop (didn't bet)
Seat 6: DavSnook folded before Flop (didn't bet)



PokerStars Zoom Hand #257556989693:  Hold'em No Limit (€0.01/€0.02) - 2025/08/31 16:30:19 CET [2025/08/31 10:30:19 ET]
Table 'Arneb' 6-max Seat #1 is the button
Seat 1: pipinoelbreve9 (€2.28 in chips) 
Seat 2: crevi_066 (€2.49 in chips) 
Seat 3: RedEyes1906 (€2.57 in chips) 
Seat 4: 2tortosa (€1.70 in chips) 
Seat 5: Izibeaxh (€6.32 in chips) 
Seat 6: candarias (€2.03 in chips) 
crevi_066: posts small blind €0.01
RedEyes1906: posts big blind €0.02
*** HOLE CARDS ***
Dealt to pipinoelbreve9 [9d Jh]
2tortosa: raises €0.04 to €0.06
Izibeaxh: folds 
candarias: folds 
pipinoelbreve9 has timed out
pipinoelbreve9: folds 
crevi_066: folds 
RedEyes1906: folds 
Uncalled bet (€0.04) returned to 2tortosa
2tortosa collected €0.05 from pot
2tortosa: doesn't show hand 
*** SUMMARY ***
Total pot €0.05 | Rake €0 
Seat 1: pipinoelbreve9 (button) folded before Flop (didn't bet)
Seat 2: crevi_066 (small blind) folded before Flop
Seat 3: RedEyes1906 (big blind) folded before Flop
Seat 4: 2tortosa collected (€0.05)
Seat 5: Izibeaxh folded before Flop (didn't bet)
Seat 6: candarias folded before Flop (didn't bet)



PokerStars Zoom Hand #257556996315:  Hold'em No Limit (€0.01/€0.02) - 2025/08/31 16:30:56 CET [2025/08/31 10:30:56 ET]
Table 'Arneb' 6-max Seat #1 is the button
Seat 1: RichyPozo (€2.84 in chips) 
Seat 2: anflo13 (€1.83 in chips) 
Seat 3: DarkSidious666 (€6.03 in chips) 
Seat 4: DavSnook (€2.23 in chips) 
Seat 5: davidelgnomo747 (€2.58 in chips) 
Seat 6: pipinoelbreve9 (€2.28 in chips) 
anflo13: posts small blind €0.01
DarkSidious666: posts big blind €0.02
*** HOLE CARDS ***
Dealt to pipinoelbreve9 [3h 6s]
DavSnook: folds 
davidelgnomo747: folds 
pipinoelbreve9: folds 
RichyPozo: folds 
anflo13: folds 
Uncalled bet (€0.01) returned to DarkSidious666
DarkSidious666 collected €0.02 from pot
DarkSidious666: doesn't show hand 
*** SUMMARY ***
Total pot €0.02 | Rake €0 
Seat 1: RichyPozo (button) folded before Flop (didn't bet)
Seat 2: anflo13 (small blind) folded before Flop
Seat 3: DarkSidious666 (big blind) collected (€0.02)
Seat 4: DavSnook folded before Flop (didn't bet)
Seat 5: davidelgnomo747 folded before Flop (didn't bet)
Seat 6: pipinoelbreve9 folded before Flop (didn't bet)



PokerStars Zoom Hand #257556997246:  Hold'em No Limit (€0.01/€0.02) - 2025/08/31 16:31:01 CET [2025/08/31 10:31:01 ET]
Table 'Arneb' 6-max Seat #1 is the button
Seat 1: Juanmi5135 (€3.04 in chips) 
Seat 2: Ferchyman77 (€2.79 in chips) 
Seat 3: DavSnook (€2.23 in chips) 
Seat 4: pipinoelbreve9 (€2.28 in chips) 
Seat 5: ehbraga (€0.97 in chips) 
Seat 6: Alejandro291925 (€1.94 in chips) 
Ferchyman77: posts small blind €0.01
DavSnook: posts big blind €0.02
*** HOLE CARDS ***
Dealt to pipinoelbreve9 [Ts 3d]
pipinoelbreve9: folds 
ehbraga: folds 
Alejandro291925: raises €0.04 to €0.06
Juanmi5135: folds 
Ferchyman77: folds 
DavSnook: folds 
Uncalled bet (€0.04) returned to Alejandro291925
Alejandro291925 collected €0.05 from pot
Alejandro291925: doesn't show hand 
*** SUMMARY ***
Total pot €0.05 | Rake €0 
Seat 1: Juanmi5135 (button) folded before Flop (didn't bet)
Seat 2: Ferchyman77 (small blind) folded before Flop
Seat 3: DavSnook (big blind) folded before Flop
Seat 4: pipinoelbreve9 folded before Flop (didn't bet)
Seat 5: ehbraga folded before Flop (didn't bet)
Seat 6: Alejandro291925 collected (€0.05)



PokerStars Zoom Hand #257556999052:  Hold'em No Limit (€0.01/€0.02) - 2025/08/31 16:31:11 CET [2025/08/31 10:31:11 ET]
Table 'Arneb' 6-max Seat #1 is the button
Seat 1: DarkSidious666 (€2.88 in chips) 
Seat 2: pipinoelbreve9 (€2.28 in chips) 
Seat 3: 2tortosa (€1.67 in chips) 
Seat 4: davidelgnomo747 (€0.90 in chips) 
Seat 5: JaluChe (€1.47 in chips) 
Seat 6: RichyPozo (€3.57 in chips) 
pipinoelbreve9: posts small blind €0.01
2tortosa: posts big blind €0.02
*** HOLE CARDS ***
Dealt to pipinoelbreve9 [4s Tc]
davidelgnomo747: folds 
JaluChe: folds 
RichyPozo: folds 
DarkSidious666: folds 
pipinoelbreve9: folds 
Uncalled bet (€0.01) returned to 2tortosa
2tortosa collected €0.02 from pot
2tortosa: doesn't show hand 
*** SUMMARY ***
Total pot €0.02 | Rake €0 
Seat 1: DarkSidious666 (button) folded before Flop (didn't bet)
Seat 2: pipinoelbreve9 (small blind) folded before Flop
Seat 3: 2tortosa (big blind) collected (€0.02)
Seat 4: davidelgnomo747 folded before Flop (didn't bet)
Seat 5: JaluChe folded before Flop (didn't bet)
Seat 6: RichyPozo folded before Flop (didn't bet)



PokerStars Zoom Hand #257556997994:  Hold'em No Limit (€0.01/€0.02) - 2025/08/31 16:31:05 CET [2025/08/31 10:31:05 ET]
Table 'Arneb' 6-max Seat #1 is the button
Seat 1: RichyPozo (€2.75 in chips) 
Seat 2: painatal100 (€1.38 in chips) 
Seat 3: km030625 (€2.70 in chips) 
Seat 4: pipinoelbreve9 (€2.28 in chips) 
Seat 5: poteaarte (€4.52 in chips) 
Seat 6: Ferchyman77 (€2.73 in chips) 
painatal100: posts small blind €0.01
km030625: posts big blind €0.02
*** HOLE CARDS ***
Dealt to pipinoelbreve9 [9c 3h]
pipinoelbreve9: folds 
poteaarte: folds 
Ferchyman77: raises €0.04 to €0.06
RichyPozo: folds 
painatal100: folds 
km030625: folds 
Uncalled bet (€0.04) returned to Ferchyman77
Ferchyman77 collected €0.05 from pot
Ferchyman77: doesn't show hand 
*** SUMMARY ***
Total pot €0.05 | Rake €0 
Seat 1: RichyPozo (button) folded before Flop (didn't bet)
Seat 2: painatal100 (small blind) folded before Flop
Seat 3: km030625 (big blind) folded before Flop
Seat 4: pipinoelbreve9 folded before Flop (didn't bet)
Seat 5: poteaarte folded before Flop (didn't bet)
Seat 6: Ferchyman77 collected (€0.05)



PokerStars Zoom Hand #257556999769:  Hold'em No Limit (€0.01/€0.02) - 2025/08/31 16:31:15 CET [2025/08/31 10:31:15 ET]
Table 'Arneb' 6-max Seat #1 is the button
Seat 1: maridevayres (€2.42 in chips) 
Seat 2: joelini001 (€1.79 in chips) 
Seat 3: pipinoelbreve9 (€2.27 in chips) 
Seat 4: Juanmi5135 (€2.27 in chips) 
Seat 5: ehbraga (€0.97 in chips) 
Seat 6: XXILuv (€2.53 in chips) 
joelini001: posts small blind €0.01
pipinoelbreve9: posts big blind €0.02
*** HOLE CARDS ***
Dealt to pipinoelbreve9 [Qh Ad]
Juanmi5135: folds 
ehbraga: folds 
XXILuv: folds 
maridevayres: folds 
joelini001: calls €0.01
pipinoelbreve9: raises €0.04 to €0.06
joelini001: calls €0.04
*** FLOP *** [8s Ah 4d]
joelini001: checks 
pipinoelbreve9: bets €0.04
joelini001: calls €0.04
*** TURN *** [8s Ah 4d] [9s]
joelini001: bets €0.02
pipinoelbreve9: raises €0.12 to €0.14
joelini001: folds 
Uncalled bet (€0.12) returned to pipinoelbreve9
pipinoelbreve9 collected €0.23 from pot
pipinoelbreve9: doesn't show hand 
*** SUMMARY ***
Total pot €0.24 | Rake €0.01 
Board [8s Ah 4d 9s]
Seat 1: maridevayres (button) folded before Flop (didn't bet)
Seat 2: joelini001 (small blind) folded on the Turn
Seat 3: pipinoelbreve9 (big blind) collected (€0.23)
Seat 4: Juanmi5135 folded before Flop (didn't bet)
Seat 5: ehbraga folded before Flop (didn't bet)
Seat 6: XXILuv folded before Flop (didn't bet)



PokerStars Zoom Hand #257557009647:  Hold'em No Limit (€0.01/€0.02) - 2025/08/31 16:32:09 CET [2025/08/31 10:32:09 ET]
Table 'Arneb' 6-max Seat #1 is the button
Seat 1: crevi_066 (€2.45 in chips) 
Seat 2: pipinoelbreve9 (€2.38 in chips) 
Seat 3: davidelgnomo747 (€2.80 in chips) 
Seat 4: KillVerlaine (€1.41 in chips) 
Seat 5: $$FRD_80$$ (€1.99 in chips) 
Seat 6: Juanmi5135 (€2.82 in chips) 
pipinoelbreve9: posts small blind €0.01
davidelgnomo747: posts big blind €0.02
*** HOLE CARDS ***
Dealt to pipinoelbreve9 [3s 5h]
KillVerlaine: folds 
$$FRD_80$$: folds 
Juanmi5135: folds 
crevi_066: raises €0.03 to €0.05
pipinoelbreve9: folds 
davidelgnomo747: calls €0.03
*** FLOP *** [Jd 3d 5c]
davidelgnomo747: checks 
crevi_066: bets €0.03
davidelgnomo747: calls €0.03
*** TURN *** [Jd 3d 5c] [2c]
davidelgnomo747: checks 
crevi_066: checks 
*** RIVER *** [Jd 3d 5c 2c] [9s]
davidelgnomo747: checks 
crevi_066: checks 
*** SHOW DOWN ***
davidelgnomo747: shows [5d 8s] (a pair of Fives)
crevi_066: mucks hand 
davidelgnomo747 collected €0.16 from pot
*** SUMMARY ***
Total pot €0.17 | Rake €0.01 
Board [Jd 3d 5c 2c 9s]
Seat 1: crevi_066 (button) mucked [8h Ad]
Seat 2: pipinoelbreve9 (small blind) folded before Flop
Seat 3: davidelgnomo747 (big blind) showed [5d 8s] and won (€0.16) with a pair of Fives
Seat 4: KillVerlaine folded before Flop (didn't bet)
Seat 5: $$FRD_80$$ folded before Flop (didn't bet)
Seat 6: Juanmi5135 folded before Flop (didn't bet)



PokerStars Zoom Hand #257557011848:  Hold'em No Limit (€0.01/€0.02) - 2025/08/31 16:32:21 CET [2025/08/31 10:32:21 ET]
Table 'Arneb' 6-max Seat #1 is the button
Seat 1: pipinoelbreve9 (€2.37 in chips) 
Seat 2: janjos69 (€6.90 in chips) 
Seat 3: km030625 (€2.23 in chips) 
Seat 4: VEGAMAR (€2.10 in chips) 
Seat 5: candarias (€1.90 in chips) 
Seat 6: stephspace (€1.45 in chips) 
janjos69: posts small blind €0.01
km030625: posts big blind €0.02
*** HOLE CARDS ***
Dealt to pipinoelbreve9 [8c 4h]
VEGAMAR: folds 
candarias: folds 
stephspace: folds 
pipinoelbreve9: folds 
janjos69: raises €0.04 to €0.06
km030625: folds 
Uncalled bet (€0.04) returned to janjos69
janjos69 collected €0.04 from pot
janjos69: doesn't show hand 
*** SUMMARY ***
Total pot €0.04 | Rake €0 
Seat 1: pipinoelbreve9 (button) folded before Flop (didn't bet)
Seat 2: janjos69 (small blind) collected (€0.04)
Seat 3: km030625 (big blind) folded before Flop
Seat 4: VEGAMAR folded before Flop (didn't bet)
Seat 5: candarias folded before Flop (didn't bet)
Seat 6: stephspace folded before Flop (didn't bet)



PokerStars Zoom Hand #257557016136:  Hold'em No Limit (€0.01/€0.02) - 2025/08/31 16:32:45 CET [2025/08/31 10:32:45 ET]
Table 'Arneb' 6-max Seat #1 is the button
Seat 1: davidelgnomo747 (€0.92 in chips) 
Seat 2: RichyPozo (€2.93 in chips) 
Seat 3: pipinoelbreve9 (€2.37 in chips) 
Seat 4: 76jusab76 (€2.29 in chips) 
Seat 5: manolo1953 (€0.97 in chips) 
Seat 6: osking118 (€2.31 in chips) 
RichyPozo: posts small blind €0.01
pipinoelbreve9: posts big blind €0.02
*** HOLE CARDS ***
Dealt to pipinoelbreve9 [5s Ah]
76jusab76: folds 
manolo1953: folds 
osking118: folds 
davidelgnomo747: folds 
RichyPozo: folds 
Uncalled bet (€0.01) returned to pipinoelbreve9
pipinoelbreve9 collected €0.02 from pot
pipinoelbreve9: doesn't show hand 
*** SUMMARY ***
Total pot €0.02 | Rake €0 
Seat 1: davidelgnomo747 (button) folded before Flop (didn't bet)
Seat 2: RichyPozo (small blind) folded before Flop
Seat 3: pipinoelbreve9 (big blind) collected (€0.02)
Seat 4: 76jusab76 folded before Flop (didn't bet)
Seat 5: manolo1953 folded before Flop (didn't bet)
Seat 6: osking118 folded before Flop (didn't bet)



PokerStars Zoom Hand #257557008798:  Hold'em No Limit (€0.01/€0.02) - 2025/08/31 16:32:04 CET [2025/08/31 10:32:04 ET]
Table 'Arneb' 6-max Seat #1 is the button
Seat 1: candarias (€0.81 in chips) 
Seat 2: tumbamitos (€2.01 in chips) 
Seat 3: DarkSidious666 (€6.06 in chips) 
Seat 4: Ahinara10 (€2.09 in chips) 
Seat 5: pipinoelbreve9 (€2.38 in chips) 
Seat 6: Juanmi5135 (€3.07 in chips) 
tumbamitos: posts small blind €0.01
DarkSidious666: posts big blind €0.02
*** HOLE CARDS ***
Dealt to pipinoelbreve9 [3d 4s]
Ahinara10: raises €0.02 to €0.04
pipinoelbreve9: folds 
Juanmi5135: raises €0.10 to €0.14
candarias: folds 
tumbamitos: folds 
DarkSidious666: calls €0.12
Ahinara10: calls €0.10
*** FLOP *** [7s 3c Qh]
DarkSidious666: checks 
Ahinara10: bets €0.08
Juanmi5135: raises €0.16 to €0.24
DarkSidious666: folds 
Ahinara10: raises €1.71 to €1.95 and is all-in
Juanmi5135: calls €1.71
*** TURN *** [7s 3c Qh] [Js]
*** RIVER *** [7s 3c Qh Js] [3s]
*** SHOW DOWN ***
Ahinara10: shows [Ac Ts] (a pair of Threes)
Juanmi5135: shows [Kd Ks] (two pair, Kings and Threes)
Juanmi5135 collected €4.11 from pot
*** SUMMARY ***
Total pot €4.33 | Rake €0.22 
Board [7s 3c Qh Js 3s]
Seat 1: candarias (button) folded before Flop (didn't bet)
Seat 2: tumbamitos (small blind) folded before Flop
Seat 3: DarkSidious666 (big blind) folded on the Flop
Seat 4: Ahinara10 showed [Ac Ts] and lost with a pair of Threes
Seat 5: pipinoelbreve9 folded before Flop (didn't bet)
Seat 6: Juanmi5135 showed [Kd Ks] and won (€4.11) with two pair, Kings and Threes



PokerStars Zoom Hand #257557017767:  Hold'em No Limit (€0.01/€0.02) - 2025/08/31 16:32:54 CET [2025/08/31 10:32:54 ET]
Table 'Arneb' 6-max Seat #1 is the button
Seat 1: NMYL83 (€3.03 in chips) 
Seat 2: candarias (€1.90 in chips) 
Seat 3: km030625 (€2.05 in chips) 
Seat 4: pipinoelbreve9 (€2.38 in chips) 
Seat 5: Juanmi5135 (€5.09 in chips) 
Seat 6: Abrelatas787 (€2.15 in chips) 
candarias: posts small blind €0.01
km030625: posts big blind €0.02
*** HOLE CARDS ***
Dealt to pipinoelbreve9 [4d 4c]
pipinoelbreve9: folds 
Juanmi5135: folds 
Abrelatas787: raises €0.04 to €0.06
NMYL83: folds 
candarias: folds 
km030625: folds 
Uncalled bet (€0.04) returned to Abrelatas787
Abrelatas787 collected €0.05 from pot
Abrelatas787: doesn't show hand 
*** SUMMARY ***
Total pot €0.05 | Rake €0 
Seat 1: NMYL83 (button) folded before Flop (didn't bet)
Seat 2: candarias (small blind) folded before Flop
Seat 3: km030625 (big blind) folded before Flop
Seat 4: pipinoelbreve9 folded before Flop (didn't bet)
Seat 5: Juanmi5135 folded before Flop (didn't bet)
Seat 6: Abrelatas787 collected (€0.05)



PokerStars Zoom Hand #257557014271:  Hold'em No Limit (€0.01/€0.02) - 2025/08/31 16:32:35 CET [2025/08/31 10:32:35 ET]
Table 'Arneb' 6-max Seat #1 is the button
Seat 1: Alejandro291925 (€2.04 in chips) 
Seat 2: GamerVidal (€5.65 in chips) 
Seat 3: 34pluto (€2.10 in chips) 
Seat 4: candarias (€2.44 in chips) 
Seat 5: VEGAMAR (€2.24 in chips) 
Seat 6: pipinoelbreve9 (€2.37 in chips) 
GamerVidal: posts small blind €0.01
34pluto: posts big blind €0.02
*** HOLE CARDS ***
Dealt to pipinoelbreve9 [6h 3h]
candarias: folds 
VEGAMAR: folds 
pipinoelbreve9: folds 
Alejandro291925: raises €0.03 to €0.05
GamerVidal: raises €0.15 to €0.20
34pluto: folds 
Alejandro291925: folds 
Uncalled bet (€0.15) returned to GamerVidal
GamerVidal collected €0.12 from pot
GamerVidal: doesn't show hand 
*** SUMMARY ***
Total pot €0.12 | Rake €0 
Seat 1: Alejandro291925 (button) folded before Flop
Seat 2: GamerVidal (small blind) collected (€0.12)
Seat 3: 34pluto (big blind) folded before Flop
Seat 4: candarias folded before Flop (didn't bet)
Seat 5: VEGAMAR folded before Flop (didn't bet)
Seat 6: pipinoelbreve9 folded before Flop (didn't bet)



PokerStars Zoom Hand #257557021690:  Hold'em No Limit (€0.01/€0.02) - 2025/08/31 16:33:16 CET [2025/08/31 10:33:16 ET]
Table 'Arneb' 6-max Seat #1 is the button
Seat 1: pipinoelbreve9 (€2.36 in chips) 
Seat 2: K4K1 (€4.73 in chips) 
Seat 3: marcosbalsaa (€3.86 in chips) 
Seat 4: anflo13 (€2.01 in chips) 
Seat 5: Abrelatas787 (€2.18 in chips) 
Seat 6: RichyPozo (€2.71 in chips) 
K4K1: posts small blind €0.01
marcosbalsaa: posts big blind €0.02
*** HOLE CARDS ***
Dealt to pipinoelbreve9 [6s 4c]
anflo13: folds 
Abrelatas787: folds 
RichyPozo: folds 
pipinoelbreve9: folds 
K4K1: folds 
Uncalled bet (€0.01) returned to marcosbalsaa
marcosbalsaa collected €0.02 from pot
marcosbalsaa: doesn't show hand 
*** SUMMARY ***
Total pot €0.02 | Rake €0 
Seat 1: pipinoelbreve9 (button) folded before Flop (didn't bet)
Seat 2: K4K1 (small blind) folded before Flop
Seat 3: marcosbalsaa (big blind) collected (€0.02)
Seat 4: anflo13 folded before Flop (didn't bet)
Seat 5: Abrelatas787 folded before Flop (didn't bet)
Seat 6: RichyPozo folded before Flop (didn't bet)



PokerStars Zoom Hand #257557019772:  Hold'em No Limit (€0.01/€0.02) - 2025/08/31 16:33:05 CET [2025/08/31 10:33:05 ET]
Table 'Arneb' 6-max Seat #1 is the button
Seat 1: DarkSidious666 (€2.09 in chips) 
Seat 2: Ac59255 (€2.05 in chips) 
Seat 3: pipinoelbreve9 (€2.38 in chips) 
Seat 4: DavSnook (€4.43 in chips) 
Seat 5: Izibeaxh (€6.40 in chips) 
Seat 6: pisuleto (€4.73 in chips) 
Ac59255: posts small blind €0.01
pipinoelbreve9: posts big blind €0.02
*** HOLE CARDS ***
Dealt to pipinoelbreve9 [3d Tc]
DavSnook: raises €0.05 to €0.07
Izibeaxh: folds 
pisuleto: folds 
DarkSidious666 has timed out
DarkSidious666: folds 
Ac59255: folds 
pipinoelbreve9: folds 
Uncalled bet (€0.05) returned to DavSnook
DavSnook collected €0.05 from pot
DavSnook: doesn't show hand 
*** SUMMARY ***
Total pot €0.05 | Rake €0 
Seat 1: DarkSidious666 (button) folded before Flop (didn't bet)
Seat 2: Ac59255 (small blind) folded before Flop
Seat 3: pipinoelbreve9 (big blind) folded before Flop
Seat 4: DavSnook collected (€0.05)
Seat 5: Izibeaxh folded before Flop (didn't bet)
Seat 6: pisuleto folded before Flop (didn't bet)



PokerStars Zoom Hand #257557019172:  Hold'em No Limit (€0.01/€0.02) - 2025/08/31 16:33:02 CET [2025/08/31 10:33:02 ET]
Table 'Arneb' 6-max Seat #1 is the button
Seat 1: NEMOXYX (€2.04 in chips) 
Seat 2: marcel13013 (€1.58 in chips) 
Seat 3: tumbamitos (€1.79 in chips) 
Seat 4: fran.pkr55 (€2.03 in chips) 
Seat 5: XXILuv (€2.23 in chips) 
Seat 6: pipinoelbreve9 (€2.38 in chips) 
marcel13013: posts small blind €0.01
tumbamitos: posts big blind €0.02
*** HOLE CARDS ***
Dealt to pipinoelbreve9 [Jd 6c]
fran.pkr55: folds 
XXILuv: raises €0.03 to €0.05
pipinoelbreve9: folds 
NEMOXYX: folds 
marcel13013 has timed out
marcel13013: folds 
tumbamitos: calls €0.03
*** FLOP *** [3h Qc 9s]
tumbamitos: checks 
XXILuv: bets €0.07
tumbamitos: folds 
Uncalled bet (€0.07) returned to XXILuv
XXILuv collected €0.10 from pot
XXILuv: doesn't show hand 
*** SUMMARY ***
Total pot €0.11 | Rake €0.01 
Board [3h Qc 9s]
Seat 1: NEMOXYX (button) folded before Flop (didn't bet)
Seat 2: marcel13013 (small blind) folded before Flop
Seat 3: tumbamitos (big blind) folded on the Flop
Seat 4: fran.pkr55 folded before Flop (didn't bet)
Seat 5: XXILuv collected (€0.10)
Seat 6: pipinoelbreve9 folded before Flop (didn't bet)



PokerStars Zoom Hand #257557015022:  Hold'em No Limit (€0.01/€0.02) - 2025/08/31 16:32:39 CET [2025/08/31 10:32:39 ET]
Table 'Arneb' 6-max Seat #1 is the button
Seat 1: Ferchyman77 (€2 in chips) 
Seat 2: el+fishdto2s (€1 in chips) 
Seat 3: 2tortosa (€0.95 in chips) 
Seat 4: joelini001 (€1.77 in chips) 
Seat 5: pipinoelbreve9 (€2.37 in chips) 
Seat 6: RichyPozo (€3.73 in chips) 
el+fishdto2s: posts small blind €0.01
2tortosa: posts big blind €0.02
*** HOLE CARDS ***
Dealt to pipinoelbreve9 [Kd 9c]
joelini001: calls €0.02
pipinoelbreve9: folds 
RichyPozo: folds 
Ferchyman77: calls €0.02
el+fishdto2s: folds 
2tortosa: checks 
*** FLOP *** [6s Jc 5s]
2tortosa: checks 
joelini001: bets €0.02
Ferchyman77: calls €0.02
2tortosa: calls €0.02
*** TURN *** [6s Jc 5s] [6d]
2tortosa: checks 
joelini001: bets €0.02
Ferchyman77: calls €0.02
2tortosa: calls €0.02
*** RIVER *** [6s Jc 5s 6d] [Qd]
2tortosa: checks 
joelini001: bets €0.02
Ferchyman77: raises €0.06 to €0.08
2tortosa: folds 
joelini001: calls €0.06
*** SHOW DOWN ***
Ferchyman77: shows [Qs Ts] (two pair, Queens and Sixes)
joelini001: mucks hand 
Ferchyman77 collected €0.33 from pot
*** SUMMARY ***
Total pot €0.35 | Rake €0.02 
Board [6s Jc 5s 6d Qd]
Seat 1: Ferchyman77 (button) showed [Qs Ts] and won (€0.33) with two pair, Queens and Sixes
Seat 2: el+fishdto2s (small blind) folded before Flop
Seat 3: 2tortosa (big blind) folded on the River
Seat 4: joelini001 mucked [4d 5d]
Seat 5: pipinoelbreve9 folded before Flop (didn't bet)
Seat 6: RichyPozo folded before Flop (didn't bet)



PokerStars Zoom Hand #257557023505:  Hold'em No Limit (€0.01/€0.02) - 2025/08/31 16:33:26 CET [2025/08/31 10:33:26 ET]
Table 'Arneb' 6-max Seat #1 is the button
Seat 1: km030625 (€2.01 in chips) 
Seat 2: osking118 (€2.29 in chips) 
Seat 3: candarias (€2.41 in chips) 
Seat 4: pipinoelbreve9 (€2.36 in chips) 
Seat 5: Alejandro291925 (€1.95 in chips) 
Seat 6: Atox913 (€0.80 in chips) 
osking118: posts small blind €0.01
candarias: posts big blind €0.02
*** HOLE CARDS ***
Dealt to pipinoelbreve9 [4s 9h]
pipinoelbreve9: folds 
Alejandro291925: folds 
Atox913: raises €0.04 to €0.06
km030625: folds 
osking118: calls €0.05
candarias: folds 
*** FLOP *** [5d 6c 7d]
osking118: checks 
Atox913: bets €0.04
osking118: calls €0.04
*** TURN *** [5d 6c 7d] [4c]
osking118: checks 
Atox913: checks 
*** RIVER *** [5d 6c 7d 4c] [3h]
osking118: checks 
Atox913: checks 
*** SHOW DOWN ***
osking118: shows [2s 2d] (a straight, Three to Seven)
Atox913: shows [Qd Kh] (a straight, Three to Seven)
osking118 collected €0.11 from pot
Atox913 collected €0.10 from pot
*** SUMMARY ***
Total pot €0.22 | Rake €0.01 
Board [5d 6c 7d 4c 3h]
Seat 1: km030625 (button) folded before Flop (didn't bet)
Seat 2: osking118 (small blind) showed [2s 2d] and won (€0.11) with a straight, Three to Seven
Seat 3: candarias (big blind) folded before Flop
Seat 4: pipinoelbreve9 folded before Flop (didn't bet)
Seat 5: Alejandro291925 folded before Flop (didn't bet)
Seat 6: Atox913 showed [Qd Kh] and won (€0.10) with a straight, Three to Seven



PokerStars Zoom Hand #257557025586:  Hold'em No Limit (€0.01/€0.02) - 2025/08/31 16:33:38 CET [2025/08/31 10:33:38 ET]
Table 'Arneb' 6-max Seat #1 is the button
Seat 1: km030625 (€2.70 in chips) 
Seat 2: pipinoelbreve9 (€2.36 in chips) 
Seat 3: marcosbalsaa (€2.26 in chips) 
Seat 4: Dab@mo (€5.28 in chips) 
Seat 5: poteaarte (€3.69 in chips) 
Seat 6: candarias (€1.87 in chips) 
pipinoelbreve9: posts small blind €0.01
marcosbalsaa: posts big blind €0.02
*** HOLE CARDS ***
Dealt to pipinoelbreve9 [Ks 3s]
Dab@mo: folds 
poteaarte: raises €0.04 to €0.06
candarias: folds 
km030625: folds 
pipinoelbreve9: calls €0.05
marcosbalsaa: folds 
*** FLOP *** [Qh As Qd]
pipinoelbreve9: checks 
poteaarte: bets €0.04
pipinoelbreve9: calls €0.04
*** TURN *** [Qh As Qd] [9c]
pipinoelbreve9: checks 
poteaarte: bets €0.11
pipinoelbreve9: folds 
Uncalled bet (€0.11) returned to poteaarte
poteaarte collected €0.21 from pot
poteaarte: doesn't show hand 
*** SUMMARY ***
Total pot €0.22 | Rake €0.01 
Board [Qh As Qd 9c]
Seat 1: km030625 (button) folded before Flop (didn't bet)
Seat 2: pipinoelbreve9 (small blind) folded on the Turn
Seat 3: marcosbalsaa (big blind) folded before Flop
Seat 4: Dab@mo folded before Flop (didn't bet)
Seat 5: poteaarte collected (€0.21)
Seat 6: candarias folded before Flop (didn't bet)



PokerStars Zoom Hand #257557034305:  Hold'em No Limit (€0.01/€0.02) - 2025/08/31 16:34:25 CET [2025/08/31 10:34:25 ET]
Table 'Arneb' 6-max Seat #1 is the button
Seat 1: pipinoelbreve9 (€2.26 in chips) 
Seat 2: marcosbalsaa (€2.24 in chips) 
Seat 3: VEGAMAR (€2.37 in chips) 
Seat 4: poteaarte (€4.30 in chips) 
Seat 5: Ferchyman77 (€2.41 in chips) 
Seat 6: calou100 (€1.02 in chips) 
marcosbalsaa: posts small blind €0.01
VEGAMAR: posts big blind €0.02
*** HOLE CARDS ***
Dealt to pipinoelbreve9 [Jh 2d]
poteaarte: raises €0.04 to €0.06
Ferchyman77: folds 
calou100: folds 
pipinoelbreve9: folds 
marcosbalsaa: folds 
VEGAMAR: folds 
Uncalled bet (€0.04) returned to poteaarte
poteaarte collected €0.05 from pot
poteaarte: doesn't show hand 
*** SUMMARY ***
Total pot €0.05 | Rake €0 
Seat 1: pipinoelbreve9 (button) folded before Flop (didn't bet)
Seat 2: marcosbalsaa (small blind) folded before Flop
Seat 3: VEGAMAR (big blind) folded before Flop
Seat 4: poteaarte collected (€0.05)
Seat 5: Ferchyman77 folded before Flop (didn't bet)
Seat 6: calou100 folded before Flop (didn't bet)



PokerStars Zoom Hand #257557030869:  Hold'em No Limit (€0.01/€0.02) - 2025/08/31 16:34:06 CET [2025/08/31 10:34:06 ET]
Table 'Arneb' 6-max Seat #1 is the button
Seat 1: savoulikas (€3.25 in chips) 
Seat 2: 2tortosa (€0.89 in chips) 
Seat 3: anflo13 (€1.85 in chips) 
Seat 4: DavSnook (€2.17 in chips) 
Seat 5: HGrenha (€2.95 in chips) 
Seat 6: pipinoelbreve9 (€2.26 in chips) 
2tortosa: posts small blind €0.01
anflo13: posts big blind €0.02
*** HOLE CARDS ***
Dealt to pipinoelbreve9 [3h 5d]
DavSnook: folds 
HGrenha: raises €0.08 to €0.10
pipinoelbreve9: folds 
savoulikas: folds 
2tortosa: calls €0.09
anflo13: calls €0.08
*** FLOP *** [5c Ah 3d]
2tortosa: checks 
anflo13: checks 
HGrenha: checks 
*** TURN *** [5c Ah 3d] [6c]
2tortosa: checks 
anflo13: checks 
HGrenha: bets €0.14
2tortosa: folds 
anflo13: calls €0.14
*** RIVER *** [5c Ah 3d 6c] [Th]
anflo13: checks 
HGrenha: checks 
*** SHOW DOWN ***
anflo13: shows [7s 9s] (high card Ace)
HGrenha: shows [Qc Qs] (a pair of Queens)
HGrenha collected €0.55 from pot
*** SUMMARY ***
Total pot €0.58 | Rake €0.03 
Board [5c Ah 3d 6c Th]
Seat 1: savoulikas (button) folded before Flop (didn't bet)
Seat 2: 2tortosa (small blind) folded on the Turn
Seat 3: anflo13 (big blind) showed [7s 9s] and lost with high card Ace
Seat 4: DavSnook folded before Flop (didn't bet)
Seat 5: HGrenha showed [Qc Qs] and won (€0.55) with a pair of Queens
Seat 6: pipinoelbreve9 folded before Flop (didn't bet)



PokerStars Zoom Hand #257557032902:  Hold'em No Limit (€0.01/€0.02) - 2025/08/31 16:34:18 CET [2025/08/31 10:34:18 ET]
Table 'Arneb' 6-max Seat #1 is the button
Seat 1: crevi_066 (€2.51 in chips) 
Seat 2: candarias (€2.39 in chips) 
Seat 3: RichyPozo (€2.73 in chips) 
Seat 4: NMYL83 (€2.93 in chips) 
Seat 5: pipinoelbreve9 (€2.26 in chips) 
Seat 6: dday14540 (€1.06 in chips) 
candarias: posts small blind €0.01
RichyPozo: posts big blind €0.02
*** HOLE CARDS ***
Dealt to pipinoelbreve9 [9h 6h]
NMYL83: folds 
pipinoelbreve9: folds 
dday14540: folds 
crevi_066: folds 
candarias: raises €0.04 to €0.06
RichyPozo: calls €0.04
*** FLOP *** [9d 2d 8c]
candarias: bets €0.11
RichyPozo: raises €0.25 to €0.36
candarias: calls €0.25
*** TURN *** [9d 2d 8c] [3s]
candarias: checks 
RichyPozo: checks 
*** RIVER *** [9d 2d 8c 3s] [7d]
candarias: checks 
RichyPozo: bets €0.44
candarias: calls €0.44
*** SHOW DOWN ***
RichyPozo: shows [Tc Td] (a pair of Tens)
candarias: shows [Jh Th] (a straight, Seven to Jack)
candarias collected €1.63 from pot
*** SUMMARY ***
Total pot €1.72 | Rake €0.09 
Board [9d 2d 8c 3s 7d]
Seat 1: crevi_066 (button) folded before Flop (didn't bet)
Seat 2: candarias (small blind) showed [Jh Th] and won (€1.63) with a straight, Seven to Jack
Seat 3: RichyPozo (big blind) showed [Tc Td] and lost with a pair of Tens
Seat 4: NMYL83 folded before Flop (didn't bet)
Seat 5: pipinoelbreve9 folded before Flop (didn't bet)
Seat 6: dday14540 folded before Flop (didn't bet)



PokerStars Zoom Hand #257557036256:  Hold'em No Limit (€0.01/€0.02) - 2025/08/31 16:34:36 CET [2025/08/31 10:34:36 ET]
Table 'Arneb' 6-max Seat #1 is the button
Seat 1: pipinoelbreve9 (€2.26 in chips) 
Seat 2: JaluChe (€1.42 in chips) 
Seat 3: km030625 (€2 in chips) 
Seat 4: MichaëLR7 (€2.09 in chips) 
Seat 5: elperrosequema (€0.65 in chips) 
Seat 6: Tymoko (€1.54 in chips) 
JaluChe: posts small blind €0.01
km030625: posts big blind €0.02
*** HOLE CARDS ***
Dealt to pipinoelbreve9 [6h 7h]
MichaëLR7: folds 
elperrosequema: raises €0.04 to €0.06
Tymoko: calls €0.06
pipinoelbreve9: raises €0.10 to €0.16
JaluChe: folds 
km030625: folds 
elperrosequema: folds 
Tymoko: folds 
Uncalled bet (€0.10) returned to pipinoelbreve9
pipinoelbreve9 collected €0.21 from pot
pipinoelbreve9: doesn't show hand 
*** SUMMARY ***
Total pot €0.21 | Rake €0 
Seat 1: pipinoelbreve9 (button) collected (€0.21)
Seat 2: JaluChe (small blind) folded before Flop
Seat 3: km030625 (big blind) folded before Flop
Seat 4: MichaëLR7 folded before Flop (didn't bet)
Seat 5: elperrosequema folded before Flop
Seat 6: Tymoko folded before Flop



PokerStars Zoom Hand #257557049940:  Hold'em No Limit (€0.01/€0.02) - 2025/08/31 16:35:51 CET [2025/08/31 10:35:51 ET]
Table 'Arneb' 6-max Seat #1 is the button
Seat 1: Ferchyman77 (€2.16 in chips) 
Seat 2: pipinoelbreve9 (€2.39 in chips) 
Seat 3: fullhouse455 (€1.11 in chips) 
Seat 4: lasdecall (€2.15 in chips) 
Seat 5: ecuinas (€2 in chips) 
Seat 6: savoulikas (€3.14 in chips) 
pipinoelbreve9: posts small blind €0.01
fullhouse455: posts big blind €0.02
*** HOLE CARDS ***
Dealt to pipinoelbreve9 [5s Ts]
lasdecall: folds 
ecuinas: folds 
savoulikas: folds 
Ferchyman77: folds 
pipinoelbreve9: folds 
Uncalled bet (€0.01) returned to fullhouse455
fullhouse455 collected €0.02 from pot
fullhouse455: doesn't show hand 
*** SUMMARY ***
Total pot €0.02 | Rake €0 
Seat 1: Ferchyman77 (button) folded before Flop (didn't bet)
Seat 2: pipinoelbreve9 (small blind) folded before Flop
Seat 3: fullhouse455 (big blind) collected (€0.02)
Seat 4: lasdecall folded before Flop (didn't bet)
Seat 5: ecuinas folded before Flop (didn't bet)
Seat 6: savoulikas folded before Flop (didn't bet)



PokerStars Zoom Hand #257557046880:  Hold'em No Limit (€0.01/€0.02) - 2025/08/31 16:35:34 CET [2025/08/31 10:35:34 ET]
Table 'Arneb' 6-max Seat #1 is the button
Seat 1: 2tortosa (€2.38 in chips) 
Seat 2: K4K1 (€5.10 in chips) 
Seat 3: pipinoelbreve9 (€2.41 in chips) 
Seat 4: XXILuv (€2.20 in chips) 
Seat 5: IgorKKK13 (€2.07 in chips) 
Seat 6: pisuleto (€4.90 in chips) 
K4K1: posts small blind €0.01
pipinoelbreve9: posts big blind €0.02
*** HOLE CARDS ***
Dealt to pipinoelbreve9 [3s Kh]
XXILuv: folds 
IgorKKK13: folds 
pisuleto: folds 
2tortosa: raises €0.02 to €0.04
K4K1: raises €0.06 to €0.10
pipinoelbreve9: folds 
2tortosa: calls €0.06
*** FLOP *** [2h Qh 5h]
K4K1: bets €0.21
2tortosa: folds 
Uncalled bet (€0.21) returned to K4K1
K4K1 collected €0.21 from pot
K4K1: doesn't show hand 
*** SUMMARY ***
Total pot €0.22 | Rake €0.01 
Board [2h Qh 5h]
Seat 1: 2tortosa (button) folded on the Flop
Seat 2: K4K1 (small blind) collected (€0.21)
Seat 3: pipinoelbreve9 (big blind) folded before Flop
Seat 4: XXILuv folded before Flop (didn't bet)
Seat 5: IgorKKK13 folded before Flop (didn't bet)
Seat 6: pisuleto folded before Flop (didn't bet)



PokerStars Zoom Hand #257557048858:  Hold'em No Limit (€0.01/€0.02) - 2025/08/31 16:35:45 CET [2025/08/31 10:35:45 ET]
Table 'Arneb' 6-max Seat #1 is the button
Seat 1: RichyPozo (€2 in chips) 
Seat 2: nac_nac965 (€0.75 in chips) 
Seat 3: pisuleto (€4.90 in chips) 
Seat 4: pipinoelbreve9 (€2.39 in chips) 
Seat 5: 76jusab76 (€2.40 in chips) 
Seat 6: NMYL83 (€3.11 in chips) 
nac_nac965: posts small blind €0.01
pisuleto: posts big blind €0.02
*** HOLE CARDS ***
Dealt to pipinoelbreve9 [8d 2c]
pipinoelbreve9: folds 
76jusab76: calls €0.02
NMYL83: calls €0.02
RichyPozo: folds 
nac_nac965: calls €0.01
pisuleto: raises €0.28 to €0.30
76jusab76: folds 
NMYL83: folds 
nac_nac965: folds 
Uncalled bet (€0.28) returned to pisuleto
pisuleto collected €0.08 from pot
pisuleto: doesn't show hand 
*** SUMMARY ***
Total pot €0.08 | Rake €0 
Seat 1: RichyPozo (button) folded before Flop (didn't bet)
Seat 2: nac_nac965 (small blind) folded before Flop
Seat 3: pisuleto (big blind) collected (€0.08)
Seat 4: pipinoelbreve9 folded before Flop (didn't bet)
Seat 5: 76jusab76 folded before Flop
Seat 6: NMYL83 folded before Flop



PokerStars Zoom Hand #257557051019:  Hold'em No Limit (€0.01/€0.02) - 2025/08/31 16:35:57 CET [2025/08/31 10:35:57 ET]
Table 'Arneb' 6-max Seat #1 is the button
Seat 1: Africana57 (€1.61 in chips) 
Seat 2: masquisiera (€1.02 in chips) 
Seat 3: ecuinas (€2 in chips) 
Seat 4: poteaarte (€3.77 in chips) 
Seat 5: pipinoelbreve9 (€2.38 in chips) 
Seat 6: manolo1953 (€0.79 in chips) 
masquisiera: posts small blind €0.01
ecuinas: posts big blind €0.02
*** HOLE CARDS ***
Dealt to pipinoelbreve9 [Qd 3s]
poteaarte: folds 
pipinoelbreve9: folds 
manolo1953: folds 
Africana57: folds 
masquisiera: raises €0.04 to €0.06
ecuinas: calls €0.04
*** FLOP *** [4s 9s Qh]
masquisiera: checks 
ecuinas: bets €0.04
masquisiera: folds 
Uncalled bet (€0.04) returned to ecuinas
ecuinas collected €0.11 from pot
ecuinas: doesn't show hand 
*** SUMMARY ***
Total pot €0.12 | Rake €0.01 
Board [4s 9s Qh]
Seat 1: Africana57 (button) folded before Flop (didn't bet)
Seat 2: masquisiera (small blind) folded on the Flop
Seat 3: ecuinas (big blind) collected (€0.11)
Seat 4: poteaarte folded before Flop (didn't bet)
Seat 5: pipinoelbreve9 folded before Flop (didn't bet)
Seat 6: manolo1953 folded before Flop (didn't bet)



PokerStars Zoom Hand #257557051636:  Hold'em No Limit (€0.01/€0.02) - 2025/08/31 16:36:00 CET [2025/08/31 10:36:00 ET]
Table 'Arneb' 6-max Seat #1 is the button
Seat 1: DavSnook (€2.14 in chips) 
Seat 2: savoulikas (€3.14 in chips) 
Seat 3: candarias (€1.81 in chips) 
Seat 4: RichyPozo (€2 in chips) 
Seat 5: anflo13 (€1.60 in chips) 
Seat 6: pipinoelbreve9 (€2.38 in chips) 
savoulikas: posts small blind €0.01
candarias: posts big blind €0.02
*** HOLE CARDS ***
Dealt to pipinoelbreve9 [9s Ts]
RichyPozo: folds 
anflo13: raises €0.02 to €0.04
pipinoelbreve9: raises €0.12 to €0.16
DavSnook: folds 
savoulikas: folds 
candarias: folds 
anflo13: calls €0.12
*** FLOP *** [4d 2s 6h]
anflo13: checks 
pipinoelbreve9: checks 
*** TURN *** [4d 2s 6h] [4s]
anflo13: checks 
pipinoelbreve9: bets €0.17
anflo13: folds 
Uncalled bet (€0.17) returned to pipinoelbreve9
pipinoelbreve9 collected €0.33 from pot
pipinoelbreve9: doesn't show hand 
*** SUMMARY ***
Total pot €0.35 | Rake €0.02 
Board [4d 2s 6h 4s]
Seat 1: DavSnook (button) folded before Flop (didn't bet)
Seat 2: savoulikas (small blind) folded before Flop
Seat 3: candarias (big blind) folded before Flop
Seat 4: RichyPozo folded before Flop (didn't bet)
Seat 5: anflo13 folded on the Turn
Seat 6: pipinoelbreve9 collected (€0.33)



PokerStars Zoom Hand #257557063136:  Hold'em No Limit (€0.01/€0.02) - 2025/08/31 16:37:01 CET [2025/08/31 10:37:01 ET]
Table 'Arneb' 6-max Seat #1 is the button
Seat 1: orosa (€2 in chips) 
Seat 2: XXILuv (€4.95 in chips) 
Seat 3: km030625 (€2.25 in chips) 
Seat 4: laprimera65 (€2 in chips) 
Seat 5: JaluChe (€1.35 in chips) 
Seat 6: pipinoelbreve9 (€2.55 in chips) 
XXILuv: posts small blind €0.01
km030625: posts big blind €0.02
*** HOLE CARDS ***
Dealt to pipinoelbreve9 [5s Qh]
laprimera65: folds 
JaluChe: folds 
pipinoelbreve9: folds 
orosa: folds 
XXILuv: folds 
Uncalled bet (€0.01) returned to km030625
km030625 collected €0.02 from pot
km030625: doesn't show hand 
*** SUMMARY ***
Total pot €0.02 | Rake €0 
Seat 1: orosa (button) folded before Flop (didn't bet)
Seat 2: XXILuv (small blind) folded before Flop
Seat 3: km030625 (big blind) collected (€0.02)
Seat 4: laprimera65 folded before Flop (didn't bet)
Seat 5: JaluChe folded before Flop (didn't bet)
Seat 6: pipinoelbreve9 folded before Flop (didn't bet)



PokerStars Zoom Hand #257557067337:  Hold'em No Limit (€0.01/€0.02) - 2025/08/31 16:37:24 CET [2025/08/31 10:37:24 ET]
Table 'Arneb' 6-max Seat #1 is the button
Seat 1: K4K1 (€5.24 in chips) 
Seat 2: candarias (€3.79 in chips) 
Seat 3: km030625 (€2 in chips) 
Seat 4: pipinoelbreve9 (€2.55 in chips) 
Seat 5: stephspace (€1.39 in chips) 
Seat 6: BancaRota33 (€2.03 in chips) 
candarias: posts small blind €0.01
km030625: posts big blind €0.02
*** HOLE CARDS ***
Dealt to pipinoelbreve9 [3c As]
pipinoelbreve9: folds 
stephspace: folds 
BancaRota33: folds 
K4K1: folds 
candarias: folds 
Uncalled bet (€0.01) returned to km030625
km030625 collected €0.02 from pot
km030625: doesn't show hand 
*** SUMMARY ***
Total pot €0.02 | Rake €0 
Seat 1: K4K1 (button) folded before Flop (didn't bet)
Seat 2: candarias (small blind) folded before Flop
Seat 3: km030625 (big blind) collected (€0.02)
Seat 4: pipinoelbreve9 folded before Flop (didn't bet)
Seat 5: stephspace folded before Flop (didn't bet)
Seat 6: BancaRota33 folded before Flop (didn't bet)



PokerStars Zoom Hand #257557069242:  Hold'em No Limit (€0.01/€0.02) - 2025/08/31 16:37:34 CET [2025/08/31 10:37:34 ET]
Table 'Arneb' 6-max Seat #1 is the button
Seat 1: lasdecall (€2.07 in chips) 
Seat 2: ecuinas (€2.17 in chips) 
Seat 3: pipinoelbreve9 (€2.55 in chips) 
Seat 4: NMYL83 (€3.20 in chips) 
Seat 5: 76jusab76 (€2.36 in chips) 
Seat 6: km030625 (€2.01 in chips) 
ecuinas: posts small blind €0.01
pipinoelbreve9: posts big blind €0.02
*** HOLE CARDS ***
Dealt to pipinoelbreve9 [Qc Js]
NMYL83: folds 
76jusab76: folds 
km030625: folds 
lasdecall: folds 
ecuinas: raises €0.04 to €0.06
pipinoelbreve9: calls €0.04
*** FLOP *** [7d 8c 3c]
ecuinas: checks 
pipinoelbreve9: checks 
*** TURN *** [7d 8c 3c] [4d]
ecuinas: bets €0.04
pipinoelbreve9: folds 
Uncalled bet (€0.04) returned to ecuinas
ecuinas collected €0.11 from pot
ecuinas: doesn't show hand 
*** SUMMARY ***
Total pot €0.12 | Rake €0.01 
Board [7d 8c 3c 4d]
Seat 1: lasdecall (button) folded before Flop (didn't bet)
Seat 2: ecuinas (small blind) collected (€0.11)
Seat 3: pipinoelbreve9 (big blind) folded on the Turn
Seat 4: NMYL83 folded before Flop (didn't bet)
Seat 5: 76jusab76 folded before Flop (didn't bet)
Seat 6: km030625 folded before Flop (didn't bet)



PokerStars Zoom Hand #257557068122:  Hold'em No Limit (€0.01/€0.02) - 2025/08/31 16:37:28 CET [2025/08/31 10:37:28 ET]
Table 'Arneb' 6-max Seat #1 is the button
Seat 1: Manuxanxe78 (€2.69 in chips) 
Seat 2: DavSnook (€4.13 in chips) 
Seat 3: K4K1 (€5.24 in chips) 
Seat 4: 2tortosa (€1.67 in chips) 
Seat 5: pipinoelbreve9 (€2.55 in chips) 
Seat 6: XXILuv (€4.94 in chips) 
DavSnook: posts small blind €0.01
K4K1: posts big blind €0.02
*** HOLE CARDS ***
Dealt to pipinoelbreve9 [8d Qd]
2tortosa: folds 
pipinoelbreve9: folds 
XXILuv: folds 
Manuxanxe78: raises €0.04 to €0.06
DavSnook: calls €0.05
K4K1: folds 
*** FLOP *** [5c Ks Jd]
DavSnook: checks 
Manuxanxe78: bets €0.05
DavSnook: calls €0.05
*** TURN *** [5c Ks Jd] [4h]
DavSnook: checks 
Manuxanxe78: checks 
*** RIVER *** [5c Ks Jd 4h] [As]
DavSnook: checks 
Manuxanxe78: checks 
*** SHOW DOWN ***
DavSnook: shows [Ah Js] (two pair, Aces and Jacks)
Manuxanxe78: mucks hand 
DavSnook collected €0.23 from pot
*** SUMMARY ***
Total pot €0.24 | Rake €0.01 
Board [5c Ks Jd 4h As]
Seat 1: Manuxanxe78 (button) mucked [Qh Jh]
Seat 2: DavSnook (small blind) showed [Ah Js] and won (€0.23) with two pair, Aces and Jacks
Seat 3: K4K1 (big blind) folded before Flop
Seat 4: 2tortosa folded before Flop (didn't bet)
Seat 5: pipinoelbreve9 folded before Flop (didn't bet)
Seat 6: XXILuv folded before Flop (didn't bet)



PokerStars Zoom Hand #257557074246:  Hold'em No Limit (€0.01/€0.02) - 2025/08/31 16:38:00 CET [2025/08/31 10:38:00 ET]
Table 'Arneb' 6-max Seat #1 is the button
Seat 1: km030625 (€2.23 in chips) 
Seat 2: vayewis (€2 in chips) 
Seat 3: janjos69 (€6.62 in chips) 
Seat 4: pipinoelbreve9 (€2.49 in chips) 
Seat 5: masquisiera (€1.03 in chips) 
Seat 6: candarias (€1 in chips) 
vayewis: posts small blind €0.01
janjos69: posts big blind €0.02
*** HOLE CARDS ***
Dealt to pipinoelbreve9 [Tc Jc]
pipinoelbreve9: raises €0.04 to €0.06
masquisiera: folds 
candarias: calls €0.06
km030625: folds 
vayewis: folds 
janjos69: folds 
*** FLOP *** [7c 4h 8s]
pipinoelbreve9: bets €0.07
candarias: folds 
Uncalled bet (€0.07) returned to pipinoelbreve9
pipinoelbreve9 collected €0.14 from pot
pipinoelbreve9: doesn't show hand 
*** SUMMARY ***
Total pot €0.15 | Rake €0.01 
Board [7c 4h 8s]
Seat 1: km030625 (button) folded before Flop (didn't bet)
Seat 2: vayewis (small blind) folded before Flop
Seat 3: janjos69 (big blind) folded before Flop
Seat 4: pipinoelbreve9 collected (€0.14)
Seat 5: masquisiera folded before Flop (didn't bet)
Seat 6: candarias folded on the Flop



PokerStars Zoom Hand #257557077898:  Hold'em No Limit (€0.01/€0.02) - 2025/08/31 16:38:20 CET [2025/08/31 10:38:20 ET]
Table 'Arneb' 6-max Seat #1 is the button
Seat 1: lasdecall (€2.03 in chips) 
Seat 2: pipinoelbreve9 (€2.57 in chips) 
Seat 3: 34pluto (€0.72 in chips) 
Seat 4: vayewis (€2.25 in chips) 
Seat 5: Ferchyman77 (€2.60 in chips) 
Seat 6: Juanmi5135 (€2.10 in chips) 
pipinoelbreve9: posts small blind €0.01
34pluto: posts big blind €0.02
*** HOLE CARDS ***
Dealt to pipinoelbreve9 [Qc 3h]
vayewis: folds 
Ferchyman77: raises €0.04 to €0.06
Juanmi5135: folds 
lasdecall: folds 
pipinoelbreve9: folds 
34pluto: folds 
Uncalled bet (€0.04) returned to Ferchyman77
Ferchyman77 collected €0.05 from pot
Ferchyman77: doesn't show hand 
*** SUMMARY ***
Total pot €0.05 | Rake €0 
Seat 1: lasdecall (button) folded before Flop (didn't bet)
Seat 2: pipinoelbreve9 (small blind) folded before Flop
Seat 3: 34pluto (big blind) folded before Flop
Seat 4: vayewis folded before Flop (didn't bet)
Seat 5: Ferchyman77 collected (€0.05)
Seat 6: Juanmi5135 folded before Flop (didn't bet)



PokerStars Zoom Hand #257557078668:  Hold'em No Limit (€0.01/€0.02) - 2025/08/31 16:38:24 CET [2025/08/31 10:38:24 ET]
Table 'Arneb' 6-max Seat #1 is the button
Seat 1: pipinoelbreve9 (€2.56 in chips) 
Seat 2: candarias (€3.76 in chips) 
Seat 3: NEMOXYX (€2 in chips) 
Seat 4: winjesus (€2.04 in chips) 
Seat 5: RichyPozo (€2 in chips) 
Seat 6: VEGAMAR (€2.19 in chips) 
candarias: posts small blind €0.01
NEMOXYX: posts big blind €0.02
*** HOLE CARDS ***
Dealt to pipinoelbreve9 [Qh 4c]
winjesus: folds 
RichyPozo: folds 
VEGAMAR: folds 
pipinoelbreve9: folds 
candarias: calls €0.01
NEMOXYX: checks 
*** FLOP *** [5c 8s Kh]
candarias: bets €0.04
NEMOXYX: folds 
Uncalled bet (€0.04) returned to candarias
candarias collected €0.04 from pot
candarias: doesn't show hand 
*** SUMMARY ***
Total pot €0.04 | Rake €0 
Board [5c 8s Kh]
Seat 1: pipinoelbreve9 (button) folded before Flop (didn't bet)
Seat 2: candarias (small blind) collected (€0.04)
Seat 3: NEMOXYX (big blind) folded on the Flop
Seat 4: winjesus folded before Flop (didn't bet)
Seat 5: RichyPozo folded before Flop (didn't bet)
Seat 6: VEGAMAR folded before Flop (didn't bet)



PokerStars Zoom Hand #257557083620:  Hold'em No Limit (€0.01/€0.02) - 2025/08/31 16:38:51 CET [2025/08/31 10:38:51 ET]
Table 'Arneb' 6-max Seat #1 is the button
Seat 1: Manuxanxe78 (€2 in chips) 
Seat 2: XXILuv (€4.86 in chips) 
Seat 3: orosa (€2.31 in chips) 
Seat 4: km030625 (€2 in chips) 
Seat 5: pipinoelbreve9 (€2.56 in chips) 
Seat 6: 2tortosa (€1.81 in chips) 
XXILuv: posts small blind €0.01
orosa: posts big blind €0.02
*** HOLE CARDS ***
Dealt to pipinoelbreve9 [Jh 2d]
km030625: folds 
pipinoelbreve9: folds 
2tortosa: folds 
Manuxanxe78: folds 
XXILuv: folds 
Uncalled bet (€0.01) returned to orosa
orosa collected €0.02 from pot
orosa: doesn't show hand 
*** SUMMARY ***
Total pot €0.02 | Rake €0 
Seat 1: Manuxanxe78 (button) folded before Flop (didn't bet)
Seat 2: XXILuv (small blind) folded before Flop
Seat 3: orosa (big blind) collected (€0.02)
Seat 4: km030625 folded before Flop (didn't bet)
Seat 5: pipinoelbreve9 folded before Flop (didn't bet)
Seat 6: 2tortosa folded before Flop (didn't bet)



PokerStars Zoom Hand #257557081043:  Hold'em No Limit (€0.01/€0.02) - 2025/08/31 16:38:37 CET [2025/08/31 10:38:37 ET]
Table 'Arneb' 6-max Seat #1 is the button
Seat 1: pipinoelbreve9 (€2.56 in chips) 
Seat 2: XXILuv (€3.79 in chips) 
Seat 3: Juanmi5135 (€2.24 in chips) 
Seat 4: Ferchyman77 (€2.63 in chips) 
Seat 5: 34pluto (€0.70 in chips) 
Seat 6: 76jusab76 (€2.29 in chips) 
XXILuv: posts small blind €0.01
Juanmi5135: posts big blind €0.02
*** HOLE CARDS ***
Dealt to pipinoelbreve9 [6d Jc]
Ferchyman77: folds 
34pluto: raises €0.02 to €0.04
76jusab76: folds 
pipinoelbreve9: folds 
XXILuv: folds 
Juanmi5135: raises €0.08 to €0.12
34pluto: raises €0.25 to €0.37
Juanmi5135: calls €0.25
*** FLOP *** [2d Ks 7s]
Juanmi5135: bets €0.36
34pluto: calls €0.33 and is all-in
Uncalled bet (€0.03) returned to Juanmi5135
*** TURN *** [2d Ks 7s] [Qd]
*** RIVER *** [2d Ks 7s Qd] [7d]
*** SHOW DOWN ***
Juanmi5135: shows [Jd Js] (two pair, Jacks and Sevens)
34pluto: shows [Kh Kd] (a full house, Kings full of Sevens)
34pluto collected €1.34 from pot
*** SUMMARY ***
Total pot €1.41 | Rake €0.07 
Board [2d Ks 7s Qd 7d]
Seat 1: pipinoelbreve9 (button) folded before Flop (didn't bet)
Seat 2: XXILuv (small blind) folded before Flop
Seat 3: Juanmi5135 (big blind) showed [Jd Js] and lost with two pair, Jacks and Sevens
Seat 4: Ferchyman77 folded before Flop (didn't bet)
Seat 5: 34pluto showed [Kh Kd] and won (€1.34) with a full house, Kings full of Sevens
Seat 6: 76jusab76 folded before Flop (didn't bet)



PokerStars Zoom Hand #257557085370:  Hold'em No Limit (€0.01/€0.02) - 2025/08/31 16:39:01 CET [2025/08/31 10:39:01 ET]
Table 'Arneb' 6-max Seat #1 is the button
Seat 1: ehbraga (€0.97 in chips) 
Seat 2: Juanmi5135 (€2.23 in chips) 
Seat 3: pipinoelbreve9 (€2.56 in chips) 
Seat 4: lasdecall (€2.09 in chips) 
Seat 5: km030625 (€2.83 in chips) 
Seat 6: $$FRD_80$$ (€1.89 in chips) 
Juanmi5135: posts small blind €0.01
pipinoelbreve9: posts big blind €0.02
*** HOLE CARDS ***
Dealt to pipinoelbreve9 [Ad Td]
lasdecall: folds 
km030625: folds 
$$FRD_80$$: folds 
ehbraga: folds 
Juanmi5135: raises €0.04 to €0.06
pipinoelbreve9: calls €0.04
*** FLOP *** [Qd 9s As]
Juanmi5135: checks 
pipinoelbreve9: bets €0.06
Juanmi5135: folds 
Uncalled bet (€0.06) returned to pipinoelbreve9
pipinoelbreve9 collected €0.11 from pot
pipinoelbreve9: doesn't show hand 
*** SUMMARY ***
Total pot €0.12 | Rake €0.01 
Board [Qd 9s As]
Seat 1: ehbraga (button) folded before Flop (didn't bet)
Seat 2: Juanmi5135 (small blind) folded on the Flop
Seat 3: pipinoelbreve9 (big blind) collected (€0.11)
Seat 4: lasdecall folded before Flop (didn't bet)
Seat 5: km030625 folded before Flop (didn't bet)
Seat 6: $$FRD_80$$ folded before Flop (didn't bet)



PokerStars Zoom Hand #257557092542:  Hold'em No Limit (€0.01/€0.02) - 2025/08/31 16:39:39 CET [2025/08/31 10:39:39 ET]
Table 'Arneb' 6-max Seat #1 is the button
Seat 1: osking118 (€1.99 in chips) 
Seat 2: pipinoelbreve9 (€2.61 in chips) 
Seat 3: BancaRota33 (€2 in chips) 
Seat 4: NMYL83 (€3.11 in chips) 
Seat 5: poteaarte (€3.99 in chips) 
Seat 6: VEGAMAR (€2.11 in chips) 
pipinoelbreve9: posts small blind €0.01
BancaRota33: posts big blind €0.02
*** HOLE CARDS ***
Dealt to pipinoelbreve9 [4s Jc]
NMYL83: folds 
poteaarte: folds 
VEGAMAR: folds 
osking118: folds 
pipinoelbreve9: folds 
Uncalled bet (€0.01) returned to BancaRota33
BancaRota33 collected €0.02 from pot
BancaRota33: doesn't show hand 
*** SUMMARY ***
Total pot €0.02 | Rake €0 
Seat 1: osking118 (button) folded before Flop (didn't bet)
Seat 2: pipinoelbreve9 (small blind) folded before Flop
Seat 3: BancaRota33 (big blind) collected (€0.02)
Seat 4: NMYL83 folded before Flop (didn't bet)
Seat 5: poteaarte folded before Flop (didn't bet)
Seat 6: VEGAMAR folded before Flop (didn't bet)



PokerStars Zoom Hand #257557096406:  Hold'em No Limit (€0.01/€0.02) - 2025/08/31 16:40:00 CET [2025/08/31 10:40:00 ET]
Table 'Arneb' 6-max Seat #1 is the button
Seat 1: candarias (€0.89 in chips) 
Seat 2: XXILuv (€4.89 in chips) 
Seat 3: km030625 (€2.05 in chips) 
Seat 4: lasdecall (€2.01 in chips) 
Seat 5: ehbraga (€0.95 in chips) 
Seat 6: pipinoelbreve9 (€2.60 in chips) 
XXILuv: posts small blind €0.01
km030625: posts big blind €0.02
*** HOLE CARDS ***
Dealt to pipinoelbreve9 [3d 5d]
lasdecall: folds 
ehbraga: folds 
pipinoelbreve9: folds 
candarias: folds 
XXILuv: folds 
Uncalled bet (€0.01) returned to km030625
km030625 collected €0.02 from pot
km030625: doesn't show hand 
*** SUMMARY ***
Total pot €0.02 | Rake €0 
Seat 1: candarias (button) folded before Flop (didn't bet)
Seat 2: XXILuv (small blind) folded before Flop
Seat 3: km030625 (big blind) collected (€0.02)
Seat 4: lasdecall folded before Flop (didn't bet)
Seat 5: ehbraga folded before Flop (didn't bet)
Seat 6: pipinoelbreve9 folded before Flop (didn't bet)



PokerStars Zoom Hand #257557097401:  Hold'em No Limit (€0.01/€0.02) - 2025/08/31 16:40:06 CET [2025/08/31 10:40:06 ET]
Table 'Arneb' 6-max Seat #1 is the button
Seat 1: 34pluto (€2.05 in chips) 
Seat 2: lasdecall (€2.01 in chips) 
Seat 3: GamerVidal (€4.43 in chips) 
Seat 4: pipinoelbreve9 (€2.60 in chips) 
Seat 5: vayewis (€2.36 in chips) 
Seat 6: Ferchyman77 (€2.13 in chips) 
lasdecall: posts small blind €0.01
GamerVidal: posts big blind €0.02
*** HOLE CARDS ***
Dealt to pipinoelbreve9 [2c 6d]
pipinoelbreve9: folds 
vayewis: raises €0.04 to €0.06
Ferchyman77: folds 
34pluto: folds 
lasdecall: folds 
GamerVidal: folds 
Uncalled bet (€0.04) returned to vayewis
vayewis collected €0.05 from pot
vayewis: doesn't show hand 
*** SUMMARY ***
Total pot €0.05 | Rake €0 
Seat 1: 34pluto (button) folded before Flop (didn't bet)
Seat 2: lasdecall (small blind) folded before Flop
Seat 3: GamerVidal (big blind) folded before Flop
Seat 4: pipinoelbreve9 folded before Flop (didn't bet)
Seat 5: vayewis collected (€0.05)
Seat 6: Ferchyman77 folded before Flop (didn't bet)



PokerStars Zoom Hand #257557093266:  Hold'em No Limit (€0.01/€0.02) - 2025/08/31 16:39:43 CET [2025/08/31 10:39:43 ET]
Table 'Arneb' 6-max Seat #1 is the button
Seat 1: Manuxanxe78 (€2.03 in chips) 
Seat 2: johnmitchon (€1.72 in chips) 
Seat 3: skarfonor (€2 in chips) 
Seat 4: pipinoelbreve9 (€2.60 in chips) 
Seat 5: Ferchyman77 (€3.16 in chips) 
Seat 6: lasdecall (€2.06 in chips) 
johnmitchon: posts small blind €0.01
skarfonor: posts big blind €0.02
*** HOLE CARDS ***
Dealt to pipinoelbreve9 [Ad 4h]
pipinoelbreve9 has timed out
pipinoelbreve9: folds 
Ferchyman77: raises €0.04 to €0.06
lasdecall: calls €0.06
Manuxanxe78: folds 
johnmitchon: folds 
skarfonor: folds 
*** FLOP *** [Kd 2d Ks]
Ferchyman77: bets €0.04
lasdecall: folds 
Uncalled bet (€0.04) returned to Ferchyman77
Ferchyman77 collected €0.14 from pot
Ferchyman77: doesn't show hand 
*** SUMMARY ***
Total pot €0.15 | Rake €0.01 
Board [Kd 2d Ks]
Seat 1: Manuxanxe78 (button) folded before Flop (didn't bet)
Seat 2: johnmitchon (small blind) folded before Flop
Seat 3: skarfonor (big blind) folded before Flop
Seat 4: pipinoelbreve9 folded before Flop (didn't bet)
Seat 5: Ferchyman77 collected (€0.14)
Seat 6: lasdecall folded on the Flop



PokerStars Zoom Hand #257557098405:  Hold'em No Limit (€0.01/€0.02) - 2025/08/31 16:40:11 CET [2025/08/31 10:40:11 ET]
Table 'Arneb' 6-max Seat #1 is the button
Seat 1: pipinoelbreve9 (€2.60 in chips) 
Seat 2: ehbraga (€0.95 in chips) 
Seat 3: $$FRD_80$$ (€1.80 in chips) 
Seat 4: orosa (€2.96 in chips) 
Seat 5: marcosbalsaa (€2.28 in chips) 
Seat 6: XXILuv (€4.88 in chips) 
ehbraga: posts small blind €0.01
$$FRD_80$$: posts big blind €0.02
*** HOLE CARDS ***
Dealt to pipinoelbreve9 [3d 5d]
orosa: raises €0.04 to €0.06
marcosbalsaa: folds 
XXILuv: folds 
pipinoelbreve9: calls €0.06
ehbraga: calls €0.05
$$FRD_80$$: folds 
*** FLOP *** [3c 5s Kh]
ehbraga: bets €0.19
orosa: folds 
pipinoelbreve9: calls €0.19
*** TURN *** [3c 5s Kh] [5h]
ehbraga: bets €0.55
pipinoelbreve9: raises €0.55 to €1.10
ehbraga: calls €0.15 and is all-in
Uncalled bet (€0.40) returned to pipinoelbreve9
*** RIVER *** [3c 5s Kh 5h] [Qh]
*** SHOW DOWN ***
ehbraga: shows [Ah 6h] (a flush, Ace high)
pipinoelbreve9: shows [3d 5d] (a full house, Fives full of Threes)
pipinoelbreve9 collected €1.88 from pot
*** SUMMARY ***
Total pot €1.98 | Rake €0.10 
Board [3c 5s Kh 5h Qh]
Seat 1: pipinoelbreve9 (button) showed [3d 5d] and won (€1.88) with a full house, Fives full of Threes
Seat 2: ehbraga (small blind) showed [Ah 6h] and lost with a flush, Ace high
Seat 3: $$FRD_80$$ (big blind) folded before Flop
Seat 4: orosa folded on the Flop
Seat 5: marcosbalsaa folded before Flop (didn't bet)
Seat 6: XXILuv folded before Flop (didn't bet)



PokerStars Zoom Hand #257557109648:  Hold'em No Limit (€0.01/€0.02) - 2025/08/31 16:41:11 CET [2025/08/31 10:41:11 ET]
Table 'Arneb' 6-max Seat #1 is the button
Seat 1: DavSnook (€2.07 in chips) 
Seat 2: pipinoelbreve9 (€3.53 in chips) 
Seat 3: ZixZ596 (€1 in chips) 
Seat 4: juanlu2000china (€3.24 in chips) 
Seat 5: RichyPozo (€2.08 in chips) 
Seat 6: 34pluto (€1.07 in chips) 
pipinoelbreve9: posts small blind €0.01
ZixZ596: posts big blind €0.02
*** HOLE CARDS ***
Dealt to pipinoelbreve9 [Qc 5c]
juanlu2000china: folds 
RichyPozo: folds 
34pluto: folds 
DavSnook: folds 
pipinoelbreve9: raises €0.04 to €0.06
ZixZ596: calls €0.04
*** FLOP *** [8s Ad 9h]
pipinoelbreve9: checks 
ZixZ596: bets €0.02
pipinoelbreve9: folds 
Uncalled bet (€0.02) returned to ZixZ596
ZixZ596 collected €0.11 from pot
ZixZ596: doesn't show hand 
*** SUMMARY ***
Total pot €0.12 | Rake €0.01 
Board [8s Ad 9h]
Seat 1: DavSnook (button) folded before Flop (didn't bet)
Seat 2: pipinoelbreve9 (small blind) folded on the Flop
Seat 3: ZixZ596 (big blind) collected (€0.11)
Seat 4: juanlu2000china folded before Flop (didn't bet)
Seat 5: RichyPozo folded before Flop (didn't bet)
Seat 6: 34pluto folded before Flop (didn't bet)



PokerStars Zoom Hand #257557116108:  Hold'em No Limit (€0.01/€0.02) - 2025/08/31 16:41:46 CET [2025/08/31 10:41:46 ET]
Table 'Arneb' 6-max Seat #1 is the button
Seat 1: poteaarte (€3.87 in chips) 
Seat 2: manolo1953 (€0.76 in chips) 
Seat 3: pipinoelbreve9 (€3.47 in chips) 
Seat 4: orosa (€2.94 in chips) 
Seat 5: NEMOXYX (€2 in chips) 
Seat 6: XXILuv (€4.61 in chips) 
manolo1953: posts small blind €0.01
pipinoelbreve9: posts big blind €0.02
*** HOLE CARDS ***
Dealt to pipinoelbreve9 [Qd Jh]
orosa: raises €0.04 to €0.06
NEMOXYX: folds 
XXILuv: calls €0.06
poteaarte: folds 
manolo1953: folds 
pipinoelbreve9: calls €0.04
*** FLOP *** [7s Td 8d]
pipinoelbreve9: checks 
orosa: bets €0.09
XXILuv: folds 
pipinoelbreve9: calls €0.09
*** TURN *** [7s Td 8d] [8c]
pipinoelbreve9: checks 
orosa: bets €0.26
pipinoelbreve9: folds 
Uncalled bet (€0.26) returned to orosa
orosa collected €0.35 from pot
orosa: doesn't show hand 
*** SUMMARY ***
Total pot €0.37 | Rake €0.02 
Board [7s Td 8d 8c]
Seat 1: poteaarte (button) folded before Flop (didn't bet)
Seat 2: manolo1953 (small blind) folded before Flop
Seat 3: pipinoelbreve9 (big blind) folded on the Turn
Seat 4: orosa collected (€0.35)
Seat 5: NEMOXYX folded before Flop (didn't bet)
Seat 6: XXILuv folded on the Flop



PokerStars Zoom Hand #257557124005:  Hold'em No Limit (€0.01/€0.02) - 2025/08/31 16:42:27 CET [2025/08/31 10:42:27 ET]
Table 'Arneb' 6-max Seat #1 is the button
Seat 1: candarias (€1.57 in chips) 
Seat 2: Manuxanxe78 (€2 in chips) 
Seat 3: XXILuv (€4.91 in chips) 
Seat 4: johnmitchon (€1.60 in chips) 
Seat 5: marcosbalsaa (€3.59 in chips) 
Seat 6: pipinoelbreve9 (€3.32 in chips) 
Manuxanxe78: posts small blind €0.01
XXILuv: posts big blind €0.02
*** HOLE CARDS ***
Dealt to pipinoelbreve9 [9c 4s]
johnmitchon: folds 
marcosbalsaa: raises €0.04 to €0.06
pipinoelbreve9: folds 
candarias: folds 
Manuxanxe78: folds 
XXILuv: calls €0.04
*** FLOP *** [5c 7d 3h]
XXILuv: bets €0.04
marcosbalsaa: folds 
Uncalled bet (€0.04) returned to XXILuv
XXILuv collected €0.12 from pot
XXILuv: doesn't show hand 
*** SUMMARY ***
Total pot €0.13 | Rake €0.01 
Board [5c 7d 3h]
Seat 1: candarias (button) folded before Flop (didn't bet)
Seat 2: Manuxanxe78 (small blind) folded before Flop
Seat 3: XXILuv (big blind) collected (€0.12)
Seat 4: johnmitchon folded before Flop (didn't bet)
Seat 5: marcosbalsaa folded on the Flop
Seat 6: pipinoelbreve9 folded before Flop (didn't bet)



PokerStars Zoom Hand #257557125432:  Hold'em No Limit (€0.01/€0.02) - 2025/08/31 16:42:35 CET [2025/08/31 10:42:35 ET]
Table 'Arneb' 6-max Seat #1 is the button
Seat 1: abmarc99 (€2 in chips) 
Seat 2: candarias (€0.98 in chips) 
Seat 3: dday14540 (€1 in chips) 
Seat 4: critsio (€1.21 in chips) 
Seat 5: Tymoko (€1.56 in chips) 
Seat 6: pipinoelbreve9 (€3.32 in chips) 
candarias: posts small blind €0.01
dday14540: posts big blind €0.02
*** HOLE CARDS ***
Dealt to pipinoelbreve9 [9s Ks]
critsio: folds 
Tymoko: folds 
pipinoelbreve9: raises €0.04 to €0.06
abmarc99: folds 
candarias: folds 
dday14540: folds 
Uncalled bet (€0.04) returned to pipinoelbreve9
pipinoelbreve9 collected €0.05 from pot
pipinoelbreve9: doesn't show hand 
*** SUMMARY ***
Total pot €0.05 | Rake €0 
Seat 1: abmarc99 (button) folded before Flop (didn't bet)
Seat 2: candarias (small blind) folded before Flop
Seat 3: dday14540 (big blind) folded before Flop
Seat 4: critsio folded before Flop (didn't bet)
Seat 5: Tymoko folded before Flop (didn't bet)
Seat 6: pipinoelbreve9 collected (€0.05)



PokerStars Zoom Hand #257557128521:  Hold'em No Limit (€0.01/€0.02) - 2025/08/31 16:42:52 CET [2025/08/31 10:42:52 ET]
Table 'Arneb' 6-max Seat #1 is the button
Seat 1: IgorKKK13 (€2.75 in chips) 
Seat 2: davidelgnomo747 (€3.39 in chips) 
Seat 3: pipinoelbreve9 (€3.35 in chips) 
Seat 4: datkeire01 (€2 in chips) 
Seat 5: RichyPozo (€2.77 in chips) 
Seat 6: Alejandro291925 (€2.92 in chips) 
davidelgnomo747: posts small blind €0.01
pipinoelbreve9: posts big blind €0.02
*** HOLE CARDS ***
Dealt to pipinoelbreve9 [Ad 3h]
datkeire01: folds 
RichyPozo: folds 
Alejandro291925: folds 
IgorKKK13 has timed out while disconnected
IgorKKK13: folds 
davidelgnomo747: folds 
Uncalled bet (€0.01) returned to pipinoelbreve9
pipinoelbreve9 collected €0.02 from pot
pipinoelbreve9: doesn't show hand 
*** SUMMARY ***
Total pot €0.02 | Rake €0 
Seat 1: IgorKKK13 (button) folded before Flop (didn't bet)
Seat 2: davidelgnomo747 (small blind) folded before Flop
Seat 3: pipinoelbreve9 (big blind) collected (€0.02)
Seat 4: datkeire01 folded before Flop (didn't bet)
Seat 5: RichyPozo folded before Flop (didn't bet)
Seat 6: Alejandro291925 folded before Flop (didn't bet)



PokerStars Zoom Hand #257557124517:  Hold'em No Limit (€0.01/€0.02) - 2025/08/31 16:42:30 CET [2025/08/31 10:42:30 ET]
Table 'Arneb' 6-max Seat #1 is the button
Seat 1: stephspace (€1.36 in chips) 
Seat 2: Ferchyman77 (€2.07 in chips) 
Seat 3: manolo1953 (€0.72 in chips) 
Seat 4: pipinoelbreve9 (€3.32 in chips) 
Seat 5: km030625 (€2 in chips) 
Seat 6: johnmitchon (€1.60 in chips) 
Ferchyman77: posts small blind €0.01
manolo1953: posts big blind €0.02
*** HOLE CARDS ***
Dealt to pipinoelbreve9 [Th 5d]
pipinoelbreve9: folds 
km030625: calls €0.02
johnmitchon: folds 
stephspace: calls €0.02
Ferchyman77: folds 
manolo1953: checks 
*** FLOP *** [As Td Qh]
manolo1953: checks 
km030625: checks 
stephspace: bets €0.06
manolo1953: folds 
km030625: calls €0.06
*** TURN *** [As Td Qh] [6c]
km030625: checks 
stephspace: bets €0.09
km030625: folds 
Uncalled bet (€0.09) returned to stephspace
stephspace collected €0.18 from pot
stephspace: doesn't show hand 
*** SUMMARY ***
Total pot €0.19 | Rake €0.01 
Board [As Td Qh 6c]
Seat 1: stephspace (button) collected (€0.18)
Seat 2: Ferchyman77 (small blind) folded before Flop
Seat 3: manolo1953 (big blind) folded on the Flop
Seat 4: pipinoelbreve9 folded before Flop (didn't bet)
Seat 5: km030625 folded on the Turn
Seat 6: johnmitchon folded before Flop (didn't bet)



PokerStars Zoom Hand #257557133091:  Hold'em No Limit (€0.01/€0.02) - 2025/08/31 16:43:16 CET [2025/08/31 10:43:16 ET]
Table 'Arneb' 6-max Seat #1 is the button
Seat 1: pipinoelbreve9 (€3.36 in chips) 
Seat 2: vayewis (€2.50 in chips) 
Seat 3: km030625 (€2.78 in chips) 
Seat 4: orosa (€2 in chips) 
Seat 5: marcosbalsaa (€2.04 in chips) 
Seat 6: 34pluto (€0.95 in chips) 
vayewis: posts small blind €0.01
km030625: posts big blind €0.02
*** HOLE CARDS ***
Dealt to pipinoelbreve9 [6c Kd]
orosa: folds 
marcosbalsaa: folds 
34pluto: folds 
pipinoelbreve9: folds 
vayewis: folds 
Uncalled bet (€0.01) returned to km030625
km030625 collected €0.02 from pot
km030625: doesn't show hand 
*** SUMMARY ***
Total pot €0.02 | Rake €0 
Seat 1: pipinoelbreve9 (button) folded before Flop (didn't bet)
Seat 2: vayewis (small blind) folded before Flop
Seat 3: km030625 (big blind) collected (€0.02)
Seat 4: orosa folded before Flop (didn't bet)
Seat 5: marcosbalsaa folded before Flop (didn't bet)
Seat 6: 34pluto folded before Flop (didn't bet)



