PokerStars Zoom Hand #257554678490:  Hold'em No Limit (€0.01/€0.02) - 2025/08/31 11:42:06 CET [2025/08/31 5:42:06 ET]
Table 'Arneb' 6-max Seat #1 is the button
Seat 1: lorocontento (€1 in chips) 
Seat 2: TEVMONIV (€5.10 in chips) 
Seat 3: pipinoelbreve9 (€2 in chips) 
Seat 4: candarias (€0.78 in chips) 
Seat 5: HyennaSafari (€2.32 in chips) 
Seat 6: juanico1977 (€2 in chips) 
TEVMONIV: posts small blind €0.01
pipinoelbreve9: posts big blind €0.02
*** HOLE CARDS ***
Dealt to pipinoelbreve9 [Kd Td]
candarias: folds 
HyennaSafari: raises €0.04 to €0.06
juanico1977: folds 
lorocontento: folds 
TEVMONIV: folds 
pipinoelbreve9: calls €0.04
*** FLOP *** [Ts 3h 3s]
pipinoelbreve9: checks 
HyennaSafari: bets €0.03
pipinoelbreve9: calls €0.03
*** TURN *** [Ts 3h 3s] [Ah]
pipinoelbreve9: checks 
HyennaSafari: checks 
*** RIVER *** [Ts 3h 3s Ah] [Th]
pipinoelbreve9: bets €0.32
HyennaSafari: folds 
Uncalled bet (€0.32) returned to pipinoelbreve9
pipinoelbreve9 collected €0.18 from pot
pipinoelbreve9: doesn't show hand 
*** SUMMARY ***
Total pot €0.19 | Rake €0.01 
Board [Ts 3h 3s Ah Th]
Seat 1: lorocontento (button) folded before Flop (didn't bet)
Seat 2: TEVMONIV (small blind) folded before Flop
Seat 3: pipinoelbreve9 (big blind) collected (€0.18)
Seat 4: candarias folded before Flop (didn't bet)
Seat 5: HyennaSafari folded on the River
Seat 6: juanico1977 folded before Flop (didn't bet)



PokerStars Zoom Hand #257554682844:  Hold'em No Limit (€0.01/€0.02) - 2025/08/31 11:42:49 CET [2025/08/31 5:42:49 ET]
Table 'Arneb' 6-max Seat #1 is the button
Seat 1: 350ZJHN (€2 in chips) 
Seat 2: pipinoelbreve9 (€2.09 in chips) 
Seat 3: PausGood (€0.78 in chips) 
Seat 4: Danipro178 (€2.10 in chips) 
Seat 5: datkeire01 (€2.22 in chips) 
Seat 6: juanico1977 (€2 in chips) 
pipinoelbreve9: posts small blind €0.01
PausGood: posts big blind €0.02
*** HOLE CARDS ***
Dealt to pipinoelbreve9 [4d 2c]
Danipro178: folds 
datkeire01: folds 
juanico1977: folds 
350ZJHN: folds 
pipinoelbreve9: folds 
Uncalled bet (€0.01) returned to PausGood
PausGood collected €0.02 from pot
PausGood: doesn't show hand 
*** SUMMARY ***
Total pot €0.02 | Rake €0 
Seat 1: 350ZJHN (button) folded before Flop (didn't bet)
Seat 2: pipinoelbreve9 (small blind) folded before Flop
Seat 3: PausGood (big blind) collected (€0.02)
Seat 4: Danipro178 folded before Flop (didn't bet)
Seat 5: datkeire01 folded before Flop (didn't bet)
Seat 6: juanico1977 folded before Flop (didn't bet)



PokerStars Zoom Hand #257554683514:  Hold'em No Limit (€0.01/€0.02) - 2025/08/31 11:42:56 CET [2025/08/31 5:42:56 ET]
Table 'Arneb' 6-max Seat #1 is the button
Seat 1: pipinoelbreve9 (€2.08 in chips) 
Seat 2: datkeire01 (€2.22 in chips) 
Seat 3: juanico1977 (€2.03 in chips) 
Seat 4: orosa (€2 in chips) 
Seat 5: candarias (€1.83 in chips) 
Seat 6: 350ZJHN (€2 in chips) 
datkeire01: posts small blind €0.01
juanico1977: posts big blind €0.02
*** HOLE CARDS ***
Dealt to pipinoelbreve9 [6s 4d]
orosa: raises €0.04 to €0.06
candarias: folds 
350ZJHN: folds 
pipinoelbreve9: folds 
datkeire01: folds 
juanico1977: raises €0.12 to €0.18
orosa: calls €0.12
*** FLOP *** [9h Js Kd]
juanico1977: bets €0.35
orosa: folds 
Uncalled bet (€0.35) returned to juanico1977
juanico1977 collected €0.35 from pot
juanico1977: doesn't show hand 
*** SUMMARY ***
Total pot €0.37 | Rake €0.02 
Board [9h Js Kd]
Seat 1: pipinoelbreve9 (button) folded before Flop (didn't bet)
Seat 2: datkeire01 (small blind) folded before Flop
Seat 3: juanico1977 (big blind) collected (€0.35)
Seat 4: orosa folded on the Flop
Seat 5: candarias folded before Flop (didn't bet)
Seat 6: 350ZJHN folded before Flop (didn't bet)



PokerStars Zoom Hand #257554687253:  Hold'em No Limit (€0.01/€0.02) - 2025/08/31 11:43:33 CET [2025/08/31 5:43:33 ET]
Table 'Arneb' 6-max Seat #1 is the button
Seat 1: rare12345 (€2.39 in chips) 
Seat 2: candarias (€0.62 in chips) 
Seat 3: pipinoelbreve9 (€2.08 in chips) 
Seat 4: crevi_066 (€3.75 in chips) 
Seat 5: juanico1977 (€2.20 in chips) 
Seat 6: orosa (€2 in chips) 
candarias: posts small blind €0.01
pipinoelbreve9: posts big blind €0.02
*** HOLE CARDS ***
Dealt to pipinoelbreve9 [8c Ts]
crevi_066: folds 
juanico1977: folds 
orosa: folds 
rare12345: folds 
candarias: folds 
Uncalled bet (€0.01) returned to pipinoelbreve9
pipinoelbreve9 collected €0.02 from pot
pipinoelbreve9: doesn't show hand 
*** SUMMARY ***
Total pot €0.02 | Rake €0 
Seat 1: rare12345 (button) folded before Flop (didn't bet)
Seat 2: candarias (small blind) folded before Flop
Seat 3: pipinoelbreve9 (big blind) collected (€0.02)
Seat 4: crevi_066 folded before Flop (didn't bet)
Seat 5: juanico1977 folded before Flop (didn't bet)
Seat 6: orosa folded before Flop (didn't bet)



PokerStars Zoom Hand #257554686739:  Hold'em No Limit (€0.01/€0.02) - 2025/08/31 11:43:28 CET [2025/08/31 5:43:28 ET]
Table 'Arneb' 6-max Seat #1 is the button
Seat 1: eyeeel (€0.51 in chips) 
Seat 2: As a Devil (€1.79 in chips) 
Seat 3: Danipro178 (€2.42 in chips) 
Seat 4: pipinoelbreve9 (€2.08 in chips) 
Seat 5: juanico1977 (€2.03 in chips) 
Seat 6: ppatuky (€7.25 in chips) 
As a Devil: posts small blind €0.01
Danipro178: posts big blind €0.02
*** HOLE CARDS ***
Dealt to pipinoelbreve9 [9c 6h]
pipinoelbreve9: folds 
juanico1977: folds 
ppatuky: folds 
eyeeel: folds 
As a Devil: raises €0.02 to €0.04
Danipro178: folds 
Uncalled bet (€0.02) returned to As a Devil
As a Devil collected €0.04 from pot
As a Devil: doesn't show hand 
*** SUMMARY ***
Total pot €0.04 | Rake €0 
Seat 1: eyeeel (button) folded before Flop (didn't bet)
Seat 2: As a Devil (small blind) collected (€0.04)
Seat 3: Danipro178 (big blind) folded before Flop
Seat 4: pipinoelbreve9 folded before Flop (didn't bet)
Seat 5: juanico1977 folded before Flop (didn't bet)
Seat 6: ppatuky folded before Flop (didn't bet)



PokerStars Zoom Hand #257554684620:  Hold'em No Limit (€0.01/€0.02) - 2025/08/31 11:43:07 CET [2025/08/31 5:43:07 ET]
Table 'Arneb' 6-max Seat #1 is the button
Seat 1: eyeeel (€0.97 in chips) 
Seat 2: crevi_066 (€3.76 in chips) 
Seat 3: ppatuky (€2.23 in chips) 
Seat 4: OMaisPesado1 (€2.74 in chips) 
Seat 5: pipinoelbreve9 (€2.08 in chips) 
Seat 6: rare12345 (€2.10 in chips) 
crevi_066: posts small blind €0.01
ppatuky: posts big blind €0.02
*** HOLE CARDS ***
Dealt to pipinoelbreve9 [Th Qs]
OMaisPesado1: folds 
pipinoelbreve9 has timed out
pipinoelbreve9: folds 
rare12345: folds 
eyeeel: calls €0.02
crevi_066: folds 
ppatuky: checks 
*** FLOP *** [Jc 8h 8d]
ppatuky: checks 
eyeeel: checks 
*** TURN *** [Jc 8h 8d] [4h]
ppatuky: checks 
eyeeel: checks 
*** RIVER *** [Jc 8h 8d 4h] [6s]
ppatuky: checks 
eyeeel: checks 
*** SHOW DOWN ***
ppatuky: shows [Ad 9c] (a pair of Eights)
eyeeel: mucks hand 
ppatuky collected €0.05 from pot
*** SUMMARY ***
Total pot €0.05 | Rake €0 
Board [Jc 8h 8d 4h 6s]
Seat 1: eyeeel (button) mucked [3h 5h]
Seat 2: crevi_066 (small blind) folded before Flop
Seat 3: ppatuky (big blind) showed [Ad 9c] and won (€0.05) with a pair of Eights
Seat 4: OMaisPesado1 folded before Flop (didn't bet)
Seat 5: pipinoelbreve9 folded before Flop (didn't bet)
Seat 6: rare12345 folded before Flop (didn't bet)



PokerStars Zoom Hand #257554688084:  Hold'em No Limit (€0.01/€0.02) - 2025/08/31 11:43:41 CET [2025/08/31 5:43:41 ET]
Table 'Arneb' 6-max Seat #1 is the button
Seat 1: Sheiloves (€1.47 in chips) 
Seat 2: pipinoelbreve9 (€2.09 in chips) 
Seat 3: datkeire01 (€4.62 in chips) 
Seat 4: juanico1977 (€2.02 in chips) 
Seat 5: Lucian Morel (€3.23 in chips) 
Seat 6: ppatuky (€2 in chips) 
pipinoelbreve9: posts small blind €0.01
datkeire01: posts big blind €0.02
*** HOLE CARDS ***
Dealt to pipinoelbreve9 [2c Kh]
juanico1977: folds 
Lucian Morel: raises €0.03 to €0.05
ppatuky: folds 
Sheiloves: folds 
pipinoelbreve9: folds 
datkeire01: folds 
Uncalled bet (€0.03) returned to Lucian Morel
Lucian Morel collected €0.05 from pot
Lucian Morel: doesn't show hand 
*** SUMMARY ***
Total pot €0.05 | Rake €0 
Seat 1: Sheiloves (button) folded before Flop (didn't bet)
Seat 2: pipinoelbreve9 (small blind) folded before Flop
Seat 3: datkeire01 (big blind) folded before Flop
Seat 4: juanico1977 folded before Flop (didn't bet)
Seat 5: Lucian Morel collected (€0.05)
Seat 6: ppatuky folded before Flop (didn't bet)



PokerStars Zoom Hand #257554688832:  Hold'em No Limit (€0.01/€0.02) - 2025/08/31 11:43:49 CET [2025/08/31 5:43:49 ET]
Table 'Arneb' 6-max Seat #1 is the button
Seat 1: pipinoelbreve9 (€2.08 in chips) 
Seat 2: Danipro178 (€2.16 in chips) 
Seat 3: candarias (€3.85 in chips) 
Seat 4: juanico1977 (€2.02 in chips) 
Seat 5: metamex (€1.63 in chips) 
Seat 6: eyeeel (€0.52 in chips) 
Danipro178: posts small blind €0.01
candarias: posts big blind €0.02
*** HOLE CARDS ***
Dealt to pipinoelbreve9 [6d Ad]
juanico1977: folds 
metamex: raises €0.04 to €0.06
eyeeel: calls €0.06
pipinoelbreve9: calls €0.06
Danipro178: folds 
candarias: folds 
*** FLOP *** [Qs Jd 4s]
metamex: bets €0.10
eyeeel: folds 
pipinoelbreve9: folds 
Uncalled bet (€0.10) returned to metamex
metamex collected €0.20 from pot
metamex: doesn't show hand 
*** SUMMARY ***
Total pot €0.21 | Rake €0.01 
Board [Qs Jd 4s]
Seat 1: pipinoelbreve9 (button) folded on the Flop
Seat 2: Danipro178 (small blind) folded before Flop
Seat 3: candarias (big blind) folded before Flop
Seat 4: juanico1977 folded before Flop (didn't bet)
Seat 5: metamex collected (€0.20)
Seat 6: eyeeel folded on the Flop



PokerStars Zoom Hand #257554691580:  Hold'em No Limit (€0.01/€0.02) - 2025/08/31 11:44:16 CET [2025/08/31 5:44:16 ET]
Table 'Arneb' 6-max Seat #1 is the button
Seat 1: crevi_066 (€3.65 in chips) 
Seat 2: ppatuky (€2 in chips) 
Seat 3: Danipro178 (€2.01 in chips) 
Seat 4: thenry03 (€2.11 in chips) 
Seat 5: pipinoelbreve9 (€2.02 in chips) 
Seat 6: candarias (€3.82 in chips) 
ppatuky: posts small blind €0.01
Danipro178: posts big blind €0.02
*** HOLE CARDS ***
Dealt to pipinoelbreve9 [Qc Th]
thenry03: folds 
pipinoelbreve9: folds 
candarias: raises €0.04 to €0.06
crevi_066: folds 
ppatuky: folds 
Danipro178: folds 
Uncalled bet (€0.04) returned to candarias
candarias collected €0.05 from pot
candarias: doesn't show hand 
*** SUMMARY ***
Total pot €0.05 | Rake €0 
Seat 1: crevi_066 (button) folded before Flop (didn't bet)
Seat 2: ppatuky (small blind) folded before Flop
Seat 3: Danipro178 (big blind) folded before Flop
Seat 4: thenry03 folded before Flop (didn't bet)
Seat 5: pipinoelbreve9 folded before Flop (didn't bet)
Seat 6: candarias collected (€0.05)



PokerStars Zoom Hand #257554686219:  Hold'em No Limit (€0.01/€0.02) - 2025/08/31 11:43:23 CET [2025/08/31 5:43:23 ET]
Table 'Arneb' 6-max Seat #1 is the button
Seat 1: juanico1977 (€2.03 in chips) 
Seat 2: Sheiloves (€1.50 in chips) 
Seat 3: chuskillo9 (€2 in chips) 
Seat 4: VEGAMAR (€2.29 in chips) 
Seat 5: nyko2a (€3.47 in chips) 
Seat 6: pipinoelbreve9 (€2.08 in chips) 
Sheiloves: posts small blind €0.01
chuskillo9: posts big blind €0.02
*** HOLE CARDS ***
Dealt to pipinoelbreve9 [Ad 6s]
VEGAMAR: raises €0.04 to €0.06
nyko2a: calls €0.06
pipinoelbreve9: folds 
juanico1977: folds 
Sheiloves: folds 
chuskillo9: calls €0.04
*** FLOP *** [Ks 4d Kc]
chuskillo9: checks 
VEGAMAR: checks 
nyko2a: checks 
*** TURN *** [Ks 4d Kc] [9c]
chuskillo9: checks 
VEGAMAR: checks 
nyko2a: bets €0.05
chuskillo9: calls €0.05
VEGAMAR: calls €0.05
*** RIVER *** [Ks 4d Kc 9c] [2c]
chuskillo9: checks 
VEGAMAR: checks 
nyko2a: bets €0.30
chuskillo9: folds 
VEGAMAR: folds 
Uncalled bet (€0.30) returned to nyko2a
nyko2a collected €0.32 from pot
nyko2a: doesn't show hand 
*** SUMMARY ***
Total pot €0.34 | Rake €0.02 
Board [Ks 4d Kc 9c 2c]
Seat 1: juanico1977 (button) folded before Flop (didn't bet)
Seat 2: Sheiloves (small blind) folded before Flop
Seat 3: chuskillo9 (big blind) folded on the River
Seat 4: VEGAMAR folded on the River
Seat 5: nyko2a collected (€0.32)
Seat 6: pipinoelbreve9 folded before Flop (didn't bet)



PokerStars Zoom Hand #257554693002:  Hold'em No Limit (€0.01/€0.02) - 2025/08/31 11:44:30 CET [2025/08/31 5:44:30 ET]
Table 'Arneb' 6-max Seat #1 is the button
Seat 1: ppatuky (€2.31 in chips) 
Seat 2: rare12345 (€2 in chips) 
Seat 3: 350ZJHN (€2 in chips) 
Seat 4: pipinoelbreve9 (€2.02 in chips) 
Seat 5: Upandown1 (€2.90 in chips) 
Seat 6: OMaisPesado1 (€2.71 in chips) 
rare12345: posts small blind €0.01
350ZJHN: posts big blind €0.02
*** HOLE CARDS ***
Dealt to pipinoelbreve9 [5d 9d]
pipinoelbreve9: folds 
Upandown1: folds 
OMaisPesado1: folds 
ppatuky: folds 
rare12345: folds 
Uncalled bet (€0.01) returned to 350ZJHN
350ZJHN collected €0.02 from pot
350ZJHN: doesn't show hand 
*** SUMMARY ***
Total pot €0.02 | Rake €0 
Seat 1: ppatuky (button) folded before Flop (didn't bet)
Seat 2: rare12345 (small blind) folded before Flop
Seat 3: 350ZJHN (big blind) collected (€0.02)
Seat 4: pipinoelbreve9 folded before Flop (didn't bet)
Seat 5: Upandown1 folded before Flop (didn't bet)
Seat 6: OMaisPesado1 folded before Flop (didn't bet)



PokerStars Zoom Hand #257554693446:  Hold'em No Limit (€0.01/€0.02) - 2025/08/31 11:44:35 CET [2025/08/31 5:44:35 ET]
Table 'Arneb' 6-max Seat #1 is the button
Seat 1: FELIPE439 (€2 in chips) 
Seat 2: KKKJJJ730 (€5.06 in chips) 
Seat 3: pipinoelbreve9 (€2.02 in chips) 
Seat 4: Danipro178 (€2.16 in chips) 
Seat 5: 350ZJHN (€2.26 in chips) 
Seat 6: mikpepra (€1.07 in chips) 
KKKJJJ730: posts small blind €0.01
pipinoelbreve9: posts big blind €0.02
*** HOLE CARDS ***
Dealt to pipinoelbreve9 [6d 6h]
Danipro178: folds 
350ZJHN: folds 
mikpepra: folds 
FELIPE439: folds 
KKKJJJ730: folds 
Uncalled bet (€0.01) returned to pipinoelbreve9
pipinoelbreve9 collected €0.02 from pot
pipinoelbreve9: doesn't show hand 
*** SUMMARY ***
Total pot €0.02 | Rake €0 
Seat 1: FELIPE439 (button) folded before Flop (didn't bet)
Seat 2: KKKJJJ730 (small blind) folded before Flop
Seat 3: pipinoelbreve9 (big blind) collected (€0.02)
Seat 4: Danipro178 folded before Flop (didn't bet)
Seat 5: 350ZJHN folded before Flop (didn't bet)
Seat 6: mikpepra folded before Flop (didn't bet)



PokerStars Zoom Hand #257554695088:  Hold'em No Limit (€0.01/€0.02) - 2025/08/31 11:44:51 CET [2025/08/31 5:44:51 ET]
Table 'Arneb' 6-max Seat #1 is the button
Seat 1: pipinoelbreve9 (€2.03 in chips) 
Seat 2: eyeeel (€0.62 in chips) 
Seat 3: chuskillo9 (€2 in chips) 
Seat 4: VEGAMAR (€2.59 in chips) 
Seat 5: HyennaSafari (€2.31 in chips) 
Seat 6: orosa (€2 in chips) 
eyeeel: posts small blind €0.01
chuskillo9: posts big blind €0.02
*** HOLE CARDS ***
Dealt to pipinoelbreve9 [Qs 7h]
VEGAMAR: raises €0.04 to €0.06
HyennaSafari: folds 
orosa: folds 
pipinoelbreve9: folds 
eyeeel: folds 
chuskillo9: folds 
Uncalled bet (€0.04) returned to VEGAMAR
VEGAMAR collected €0.05 from pot
VEGAMAR: doesn't show hand 
*** SUMMARY ***
Total pot €0.05 | Rake €0 
Seat 1: pipinoelbreve9 (button) folded before Flop (didn't bet)
Seat 2: eyeeel (small blind) folded before Flop
Seat 3: chuskillo9 (big blind) folded before Flop
Seat 4: VEGAMAR collected (€0.05)
Seat 5: HyennaSafari folded before Flop (didn't bet)
Seat 6: orosa folded before Flop (didn't bet)



PokerStars Zoom Hand #257554692358:  Hold'em No Limit (€0.01/€0.02) - 2025/08/31 11:44:24 CET [2025/08/31 5:44:24 ET]
Table 'Arneb' 6-max Seat #1 is the button
Seat 1: KKKJJJ730 (€3.56 in chips) 
Seat 2: juanico1977 (€2 in chips) 
Seat 3: candarias (€2.01 in chips) 
Seat 4: ppatuky (€7.16 in chips) 
Seat 5: dragonfly2467 (€2.06 in chips) 
Seat 6: pipinoelbreve9 (€2.02 in chips) 
juanico1977: posts small blind €0.01
candarias: posts big blind €0.02
*** HOLE CARDS ***
Dealt to pipinoelbreve9 [Jh 7d]
ppatuky: folds 
dragonfly2467: raises €0.02 to €0.04
pipinoelbreve9: folds 
KKKJJJ730: folds 
juanico1977: calls €0.03
candarias: folds 
*** FLOP *** [Ks 2d Kc]
juanico1977: checks 
dragonfly2467: checks 
*** TURN *** [Ks 2d Kc] [Th]
juanico1977: checks 
dragonfly2467: checks 
*** RIVER *** [Ks 2d Kc Th] [9c]
juanico1977: bets €0.10
dragonfly2467: raises €0.30 to €0.40
juanico1977: calls €0.30
*** SHOW DOWN ***
dragonfly2467: shows [Tc Td] (a full house, Tens full of Kings)
juanico1977: mucks hand 
dragonfly2467 collected €0.86 from pot
*** SUMMARY ***
Total pot €0.90 | Rake €0.04 
Board [Ks 2d Kc Th 9c]
Seat 1: KKKJJJ730 (button) folded before Flop (didn't bet)
Seat 2: juanico1977 (small blind) mucked [Js Qd]
Seat 3: candarias (big blind) folded before Flop
Seat 4: ppatuky folded before Flop (didn't bet)
Seat 5: dragonfly2467 showed [Tc Td] and won (€0.86) with a full house, Tens full of Kings
Seat 6: pipinoelbreve9 folded before Flop (didn't bet)



PokerStars Zoom Hand #257554696123:  Hold'em No Limit (€0.01/€0.02) - 2025/08/31 11:45:02 CET [2025/08/31 5:45:02 ET]
Table 'Arneb' 6-max Seat #1 is the button
Seat 1: taquoiman (€1.84 in chips) 
Seat 2: pipinoelbreve9 (€2.03 in chips) 
Seat 3: Estrabao (€3.02 in chips) 
Seat 4: ppatuky (€7.16 in chips) 
Seat 5: chuskillo9 (€2 in chips) 
Seat 6: datkeire01 (€2.26 in chips) 
pipinoelbreve9: posts small blind €0.01
Estrabao: posts big blind €0.02
*** HOLE CARDS ***
Dealt to pipinoelbreve9 [7d 4d]
ppatuky: folds 
chuskillo9: folds 
datkeire01: raises €0.02 to €0.04
taquoiman: folds 
pipinoelbreve9: folds 
Estrabao: folds 
Uncalled bet (€0.02) returned to datkeire01
datkeire01 collected €0.05 from pot
datkeire01: doesn't show hand 
*** SUMMARY ***
Total pot €0.05 | Rake €0 
Seat 1: taquoiman (button) folded before Flop (didn't bet)
Seat 2: pipinoelbreve9 (small blind) folded before Flop
Seat 3: Estrabao (big blind) folded before Flop
Seat 4: ppatuky folded before Flop (didn't bet)
Seat 5: chuskillo9 folded before Flop (didn't bet)
Seat 6: datkeire01 collected (€0.05)



PokerStars Zoom Hand #257554697491:  Hold'em No Limit (€0.01/€0.02) - 2025/08/31 11:45:15 CET [2025/08/31 5:45:15 ET]
Table 'Arneb' 6-max Seat #1 is the button
Seat 1: orosa (€2.33 in chips) 
Seat 2: datkeire01 (€3.67 in chips) 
Seat 3: eyeeel (€0.61 in chips) 
Seat 4: pipinoelbreve9 (€2.02 in chips) 
Seat 5: taquoiman (€1.85 in chips) 
Seat 6: Danipro178 (€2.02 in chips) 
datkeire01: posts small blind €0.01
eyeeel: posts big blind €0.02
*** HOLE CARDS ***
Dealt to pipinoelbreve9 [6h 2d]
pipinoelbreve9: folds 
taquoiman: folds 
Danipro178: raises €0.04 to €0.06
orosa: folds 
datkeire01: folds 
eyeeel: folds 
Uncalled bet (€0.04) returned to Danipro178
Danipro178 collected €0.05 from pot
Danipro178: doesn't show hand 
*** SUMMARY ***
Total pot €0.05 | Rake €0 
Seat 1: orosa (button) folded before Flop (didn't bet)
Seat 2: datkeire01 (small blind) folded before Flop
Seat 3: eyeeel (big blind) folded before Flop
Seat 4: pipinoelbreve9 folded before Flop (didn't bet)
Seat 5: taquoiman folded before Flop (didn't bet)
Seat 6: Danipro178 collected (€0.05)



PokerStars Zoom Hand #257554698003:  Hold'em No Limit (€0.01/€0.02) - 2025/08/31 11:45:20 CET [2025/08/31 5:45:20 ET]
Table 'Arneb' 6-max Seat #1 is the button
Seat 1: candarias (€0.69 in chips) 
Seat 2: OMaisPesado1 (€2.81 in chips) 
Seat 3: XXILuv (€2 in chips) 
Seat 4: crevi_066 (€3.39 in chips) 
Seat 5: VEGAMAR (€2.14 in chips) 
Seat 6: pipinoelbreve9 (€2.02 in chips) 
OMaisPesado1: posts small blind €0.01
XXILuv: posts big blind €0.02
*** HOLE CARDS ***
Dealt to pipinoelbreve9 [Tc Qc]
crevi_066: folds 
VEGAMAR: folds 
pipinoelbreve9: raises €0.04 to €0.06
candarias: folds 
OMaisPesado1: folds 
XXILuv: folds 
Uncalled bet (€0.04) returned to pipinoelbreve9
pipinoelbreve9 collected €0.05 from pot
pipinoelbreve9: doesn't show hand 
*** SUMMARY ***
Total pot €0.05 | Rake €0 
Seat 1: candarias (button) folded before Flop (didn't bet)
Seat 2: OMaisPesado1 (small blind) folded before Flop
Seat 3: XXILuv (big blind) folded before Flop
Seat 4: crevi_066 folded before Flop (didn't bet)
Seat 5: VEGAMAR folded before Flop (didn't bet)
Seat 6: pipinoelbreve9 collected (€0.05)



PokerStars Zoom Hand #257554696874:  Hold'em No Limit (€0.01/€0.02) - 2025/08/31 11:45:09 CET [2025/08/31 5:45:09 ET]
Table 'Arneb' 6-max Seat #1 is the button
Seat 1: KKKJJJ730 (€5.06 in chips) 
Seat 2: rare12345 (€2.48 in chips) 
Seat 3: FELIPE439 (€2.87 in chips) 
Seat 4: chuskillo9 (€2 in chips) 
Seat 5: pipinoelbreve9 (€2.02 in chips) 
Seat 6: juanico1977 (€2 in chips) 
rare12345: posts small blind €0.01
FELIPE439: posts big blind €0.02
*** HOLE CARDS ***
Dealt to pipinoelbreve9 [3c Jc]
chuskillo9: folds 
pipinoelbreve9: folds 
juanico1977: raises €0.04 to €0.06
KKKJJJ730: raises €0.14 to €0.20
rare12345: folds 
FELIPE439: folds 
juanico1977: calls €0.14
*** FLOP *** [7c Td Qs]
juanico1977: checks 
KKKJJJ730: bets €0.12
juanico1977: calls €0.12
*** TURN *** [7c Td Qs] [6c]
juanico1977: checks 
KKKJJJ730: bets €0.48
juanico1977: calls €0.48
*** RIVER *** [7c Td Qs 6c] [As]
juanico1977: checks 
KKKJJJ730: bets €4.26 and is all-in
juanico1977: calls €1.20 and is all-in
Uncalled bet (€3.06) returned to KKKJJJ730
*** SHOW DOWN ***
KKKJJJ730: shows [6h 5h] (a pair of Sixes)
juanico1977: shows [Qc Ks] (a pair of Queens)
juanico1977 collected €3.83 from pot
*** SUMMARY ***
Total pot €4.03 | Rake €0.20 
Board [7c Td Qs 6c As]
Seat 1: KKKJJJ730 (button) showed [6h 5h] and lost with a pair of Sixes
Seat 2: rare12345 (small blind) folded before Flop
Seat 3: FELIPE439 (big blind) folded before Flop
Seat 4: chuskillo9 folded before Flop (didn't bet)
Seat 5: pipinoelbreve9 folded before Flop (didn't bet)
Seat 6: juanico1977 showed [Qc Ks] and won (€3.83) with a pair of Queens



PokerStars Zoom Hand #257554700981:  Hold'em No Limit (€0.01/€0.02) - 2025/08/31 11:45:51 CET [2025/08/31 5:45:51 ET]
Table 'Arneb' 6-max Seat #1 is the button
Seat 1: PausGood (€1.13 in chips) 
Seat 2: Danipro178 (€2.14 in chips) 
Seat 3: pipinoelbreve9 (€2.05 in chips) 
Seat 4: juanico1977 (€2.06 in chips) 
Seat 5: orosa (€2.57 in chips) 
Seat 6: ppatuky (€7.07 in chips) 
Danipro178: posts small blind €0.01
pipinoelbreve9: posts big blind €0.02
*** HOLE CARDS ***
Dealt to pipinoelbreve9 [8s Td]
juanico1977: folds 
orosa: folds 
ppatuky: folds 
PausGood: raises €0.04 to €0.06
Danipro178: folds 
pipinoelbreve9: folds 
Uncalled bet (€0.04) returned to PausGood
PausGood collected €0.05 from pot
PausGood: doesn't show hand 
*** SUMMARY ***
Total pot €0.05 | Rake €0 
Seat 1: PausGood (button) collected (€0.05)
Seat 2: Danipro178 (small blind) folded before Flop
Seat 3: pipinoelbreve9 (big blind) folded before Flop
Seat 4: juanico1977 folded before Flop (didn't bet)
Seat 5: orosa folded before Flop (didn't bet)
Seat 6: ppatuky folded before Flop (didn't bet)



PokerStars Zoom Hand #257554702404:  Hold'em No Limit (€0.01/€0.02) - 2025/08/31 11:46:05 CET [2025/08/31 5:46:05 ET]
Table 'Arneb' 6-max Seat #1 is the button
Seat 1: KKKJJJ730 (€3.56 in chips) 
Seat 2: pipinoelbreve9 (€2.03 in chips) 
Seat 3: PausGood (€1.16 in chips) 
Seat 4: eyeeel (€0.92 in chips) 
Seat 5: candarias (€0.69 in chips) 
Seat 6: mikpepra (€1.14 in chips) 
pipinoelbreve9: posts small blind €0.01
PausGood: posts big blind €0.02
*** HOLE CARDS ***
Dealt to pipinoelbreve9 [9h As]
eyeeel: folds 
candarias: calls €0.02
mikpepra: folds 
KKKJJJ730: folds 
pipinoelbreve9: raises €0.08 to €0.10
PausGood: folds 
candarias: folds 
Uncalled bet (€0.08) returned to pipinoelbreve9
pipinoelbreve9 collected €0.06 from pot
pipinoelbreve9: doesn't show hand 
*** SUMMARY ***
Total pot €0.06 | Rake €0 
Seat 1: KKKJJJ730 (button) folded before Flop (didn't bet)
Seat 2: pipinoelbreve9 (small blind) collected (€0.06)
Seat 3: PausGood (big blind) folded before Flop
Seat 4: eyeeel folded before Flop (didn't bet)
Seat 5: candarias folded before Flop
Seat 6: mikpepra folded before Flop (didn't bet)



PokerStars Zoom Hand #257554704428:  Hold'em No Limit (€0.01/€0.02) - 2025/08/31 11:46:26 CET [2025/08/31 5:46:26 ET]
Table 'Arneb' 6-max Seat #1 is the button
Seat 1: pipinoelbreve9 (€2.07 in chips) 
Seat 2: lorocontento (€1 in chips) 
Seat 3: datkeire01 (€2.95 in chips) 
Seat 4: tumbamitos (€3.34 in chips) 
Seat 5: candarias (€3.90 in chips) 
Seat 6: XXILuv (€2 in chips) 
lorocontento: posts small blind €0.01
datkeire01: posts big blind €0.02
*** HOLE CARDS ***
Dealt to pipinoelbreve9 [Qh Tc]
tumbamitos: raises €0.02 to €0.04
candarias: folds 
XXILuv: folds 
pipinoelbreve9: calls €0.04
lorocontento: folds 
datkeire01: calls €0.02
*** FLOP *** [2d 9h Th]
datkeire01: checks 
tumbamitos: bets €0.04
pipinoelbreve9: calls €0.04
datkeire01: folds 
*** TURN *** [2d 9h Th] [Jh]
tumbamitos: bets €0.10
pipinoelbreve9: calls €0.10
*** RIVER *** [2d 9h Th Jh] [6h]
tumbamitos: checks 
pipinoelbreve9: bets €0.20
tumbamitos: folds 
Uncalled bet (€0.20) returned to pipinoelbreve9
pipinoelbreve9 collected €0.39 from pot
pipinoelbreve9: doesn't show hand 
*** SUMMARY ***
Total pot €0.41 | Rake €0.02 
Board [2d 9h Th Jh 6h]
Seat 1: pipinoelbreve9 (button) collected (€0.39)
Seat 2: lorocontento (small blind) folded before Flop
Seat 3: datkeire01 (big blind) folded on the Flop
Seat 4: tumbamitos folded on the River
Seat 5: candarias folded before Flop (didn't bet)
Seat 6: XXILuv folded before Flop (didn't bet)



PokerStars Zoom Hand #257554710915:  Hold'em No Limit (€0.01/€0.02) - 2025/08/31 11:47:32 CET [2025/08/31 5:47:32 ET]
Table 'Arneb' 6-max Seat #1 is the button
Seat 1: orosa (€2.56 in chips) 
Seat 2: lorocontento (€1 in chips) 
Seat 3: 350ZJHN (€2.62 in chips) 
Seat 4: candarias (€0.64 in chips) 
Seat 5: pipinoelbreve9 (€2.28 in chips) 
Seat 6: ppatuky (€3.80 in chips) 
lorocontento: posts small blind €0.01
350ZJHN: posts big blind €0.02
*** HOLE CARDS ***
Dealt to pipinoelbreve9 [2s Kc]
candarias: calls €0.02
pipinoelbreve9: folds 
ppatuky: folds 
orosa: folds 
lorocontento: raises €0.98 to €1 and is all-in
350ZJHN: folds 
candarias: folds 
Uncalled bet (€0.98) returned to lorocontento
lorocontento collected €0.06 from pot
lorocontento: doesn't show hand 
*** SUMMARY ***
Total pot €0.06 | Rake €0 
Seat 1: orosa (button) folded before Flop (didn't bet)
Seat 2: lorocontento (small blind) collected (€0.06)
Seat 3: 350ZJHN (big blind) folded before Flop
Seat 4: candarias folded before Flop
Seat 5: pipinoelbreve9 folded before Flop (didn't bet)
Seat 6: ppatuky folded before Flop (didn't bet)



PokerStars Zoom Hand #257554712827:  Hold'em No Limit (€0.01/€0.02) - 2025/08/31 11:47:51 CET [2025/08/31 5:47:51 ET]
Table 'Arneb' 6-max Seat #1 is the button
Seat 1: OMaisPesado1 (€2.38 in chips) 
Seat 2: candarias (€0.62 in chips) 
Seat 3: TEVMONIV (€1.38 in chips) 
Seat 4: pipinoelbreve9 (€2.28 in chips) 
Seat 5: KKKJJJ730 (€3.08 in chips) 
Seat 6: euse383 (€1.94 in chips) 
candarias: posts small blind €0.01
TEVMONIV: posts big blind €0.02
*** HOLE CARDS ***
Dealt to pipinoelbreve9 [Kc 2c]
pipinoelbreve9: folds 
KKKJJJ730: folds 
euse383: folds 
OMaisPesado1: folds 
candarias: folds 
Uncalled bet (€0.01) returned to TEVMONIV
TEVMONIV collected €0.02 from pot
TEVMONIV: doesn't show hand 
*** SUMMARY ***
Total pot €0.02 | Rake €0 
Seat 1: OMaisPesado1 (button) folded before Flop (didn't bet)
Seat 2: candarias (small blind) folded before Flop
Seat 3: TEVMONIV (big blind) collected (€0.02)
Seat 4: pipinoelbreve9 folded before Flop (didn't bet)
Seat 5: KKKJJJ730 folded before Flop (didn't bet)
Seat 6: euse383 folded before Flop (didn't bet)



PokerStars Zoom Hand #257554713831:  Hold'em No Limit (€0.01/€0.02) - 2025/08/31 11:48:01 CET [2025/08/31 5:48:01 ET]
Table 'Arneb' 6-max Seat #1 is the button
Seat 1: ppatuky (€2.03 in chips) 
Seat 2: eyeeel (€1.48 in chips) 
Seat 3: pipinoelbreve9 (€2.28 in chips) 
Seat 4: crevi_066 (€3.64 in chips) 
Seat 5: Upandown1 (€2.65 in chips) 
Seat 6: VEGAMAR (€2.14 in chips) 
eyeeel: posts small blind €0.01
pipinoelbreve9: posts big blind €0.02
*** HOLE CARDS ***
Dealt to pipinoelbreve9 [8d 3s]
crevi_066: folds 
Upandown1: folds 
VEGAMAR: folds 
ppatuky: folds 
eyeeel: folds 
Uncalled bet (€0.01) returned to pipinoelbreve9
pipinoelbreve9 collected €0.02 from pot
pipinoelbreve9: doesn't show hand 
*** SUMMARY ***
Total pot €0.02 | Rake €0 
Seat 1: ppatuky (button) folded before Flop (didn't bet)
Seat 2: eyeeel (small blind) folded before Flop
Seat 3: pipinoelbreve9 (big blind) collected (€0.02)
Seat 4: crevi_066 folded before Flop (didn't bet)
Seat 5: Upandown1 folded before Flop (didn't bet)
Seat 6: VEGAMAR folded before Flop (didn't bet)



PokerStars Zoom Hand #257554711893:  Hold'em No Limit (€0.01/€0.02) - 2025/08/31 11:47:42 CET [2025/08/31 5:47:42 ET]
Table 'Arneb' 6-max Seat #1 is the button
Seat 1: candarias (€3.93 in chips) 
Seat 2: nukilla888 (€0.89 in chips) 
Seat 3: Zbiegnew90 (€2.19 in chips) 
Seat 4: pipinoelbreve9 (€2.28 in chips) 
Seat 5: euse383 (€1.98 in chips) 
Seat 6: orosa (€2.27 in chips) 
nukilla888: posts small blind €0.01
Zbiegnew90: posts big blind €0.02
*** HOLE CARDS ***
Dealt to pipinoelbreve9 [4h 5c]
pipinoelbreve9: folds 
euse383: folds 
orosa: folds 
candarias: folds 
nukilla888: calls €0.01
Zbiegnew90: checks 
*** FLOP *** [Kc As Ad]
nukilla888: checks 
Zbiegnew90: checks 
*** TURN *** [Kc As Ad] [6h]
nukilla888: checks 
Zbiegnew90: bets €0.02
nukilla888: calls €0.02
*** RIVER *** [Kc As Ad 6h] [Th]
nukilla888: checks 
Zbiegnew90: bets €0.05
nukilla888: folds 
Uncalled bet (€0.05) returned to Zbiegnew90
Zbiegnew90 collected €0.08 from pot
Zbiegnew90: doesn't show hand 
*** SUMMARY ***
Total pot €0.08 | Rake €0 
Board [Kc As Ad 6h Th]
Seat 1: candarias (button) folded before Flop (didn't bet)
Seat 2: nukilla888 (small blind) folded on the River
Seat 3: Zbiegnew90 (big blind) collected (€0.08)
Seat 4: pipinoelbreve9 folded before Flop (didn't bet)
Seat 5: euse383 folded before Flop (didn't bet)
Seat 6: orosa folded before Flop (didn't bet)



PokerStars Zoom Hand #257554715125:  Hold'em No Limit (€0.01/€0.02) - 2025/08/31 11:48:14 CET [2025/08/31 5:48:14 ET]
Table 'Arneb' 6-max Seat #1 is the button
Seat 1: pipinoelbreve9 (€2.29 in chips) 
Seat 2: LuccAAFelippi (€1.98 in chips) 
Seat 3: XXILuv (€2.10 in chips) 
Seat 4: Davidsancheez16 (€0.76 in chips) 
Seat 5: OMaisPesado1 (€2.84 in chips) 
Seat 6: chuskillo9 (€2 in chips) 
LuccAAFelippi: posts small blind €0.01
XXILuv: posts big blind €0.02
*** HOLE CARDS ***
Dealt to pipinoelbreve9 [6s 7d]
Davidsancheez16: folds 
OMaisPesado1: raises €0.03 to €0.05
chuskillo9: folds 
pipinoelbreve9: folds 
LuccAAFelippi: folds 
XXILuv: folds 
Uncalled bet (€0.03) returned to OMaisPesado1
OMaisPesado1 collected €0.05 from pot
OMaisPesado1: doesn't show hand 
*** SUMMARY ***
Total pot €0.05 | Rake €0 
Seat 1: pipinoelbreve9 (button) folded before Flop (didn't bet)
Seat 2: LuccAAFelippi (small blind) folded before Flop
Seat 3: XXILuv (big blind) folded before Flop
Seat 4: Davidsancheez16 folded before Flop (didn't bet)
Seat 5: OMaisPesado1 collected (€0.05)
Seat 6: chuskillo9 folded before Flop (didn't bet)



PokerStars Zoom Hand #257554713253:  Hold'em No Limit (€0.01/€0.02) - 2025/08/31 11:47:55 CET [2025/08/31 5:47:55 ET]
Table 'Arneb' 6-max Seat #1 is the button
Seat 1: datkeire01 (€2.90 in chips) 
Seat 2: candarias (€0.98 in chips) 
Seat 3: KKKJJJ730 (€3.08 in chips) 
Seat 4: Abrelatas787 (€2 in chips) 
Seat 5: XXILuv (€2.11 in chips) 
Seat 6: pipinoelbreve9 (€2.28 in chips) 
candarias: posts small blind €0.01
KKKJJJ730: posts big blind €0.02
*** HOLE CARDS ***
Dealt to pipinoelbreve9 [7c 9c]
Abrelatas787: raises €0.04 to €0.06
XXILuv: folds 
pipinoelbreve9: folds 
datkeire01: folds 
candarias: folds 
KKKJJJ730: raises €0.14 to €0.20
Abrelatas787: calls €0.14
*** FLOP *** [Kd Kh Jc]
KKKJJJ730: bets €0.12
Abrelatas787: folds 
Uncalled bet (€0.12) returned to KKKJJJ730
KKKJJJ730 collected €0.39 from pot
KKKJJJ730: doesn't show hand 
*** SUMMARY ***
Total pot €0.41 | Rake €0.02 
Board [Kd Kh Jc]
Seat 1: datkeire01 (button) folded before Flop (didn't bet)
Seat 2: candarias (small blind) folded before Flop
Seat 3: KKKJJJ730 (big blind) collected (€0.39)
Seat 4: Abrelatas787 folded on the Flop
Seat 5: XXILuv folded before Flop (didn't bet)
Seat 6: pipinoelbreve9 folded before Flop (didn't bet)



PokerStars Zoom Hand #257554717390:  Hold'em No Limit (€0.01/€0.02) - 2025/08/31 11:48:38 CET [2025/08/31 5:48:38 ET]
Table 'Arneb' 6-max Seat #1 is the button
Seat 1: pipinoelbreve9 (€2.28 in chips) 
Seat 2: taquoiman (€2.16 in chips) 
Seat 3: lorocontento (€1 in chips) 
Seat 4: LuccAAFelippi (€1.98 in chips) 
Seat 5: ppatuky (€3.76 in chips) 
Seat 6: datkeire01 (€2 in chips) 
taquoiman: posts small blind €0.01
lorocontento: posts big blind €0.02
*** HOLE CARDS ***
Dealt to pipinoelbreve9 [8d 3c]
LuccAAFelippi: folds 
ppatuky: folds 
datkeire01: folds 
pipinoelbreve9: folds 
taquoiman: folds 
Uncalled bet (€0.01) returned to lorocontento
lorocontento collected €0.02 from pot
lorocontento: doesn't show hand 
*** SUMMARY ***
Total pot €0.02 | Rake €0 
Seat 1: pipinoelbreve9 (button) folded before Flop (didn't bet)
Seat 2: taquoiman (small blind) folded before Flop
Seat 3: lorocontento (big blind) collected (€0.02)
Seat 4: LuccAAFelippi folded before Flop (didn't bet)
Seat 5: ppatuky folded before Flop (didn't bet)
Seat 6: datkeire01 folded before Flop (didn't bet)



PokerStars Zoom Hand #257554715820:  Hold'em No Limit (€0.01/€0.02) - 2025/08/31 11:48:22 CET [2025/08/31 5:48:22 ET]
Table 'Arneb' 6-max Seat #1 is the button
Seat 1: thenry03 (€2.37 in chips) 
Seat 2: pipinoelbreve9 (€2.29 in chips) 
Seat 3: crevi_066 (€3.92 in chips) 
Seat 4: chuskillo9 (€2 in chips) 
Seat 5: KKKJJJ730 (€2.93 in chips) 
Seat 6: datkeire01 (€3.57 in chips) 
pipinoelbreve9: posts small blind €0.01
crevi_066: posts big blind €0.02
*** HOLE CARDS ***
Dealt to pipinoelbreve9 [2h 4d]
chuskillo9: folds 
KKKJJJ730: folds 
datkeire01: folds 
thenry03: raises €0.04 to €0.06
pipinoelbreve9: folds 
crevi_066: calls €0.04
*** FLOP *** [3s 2d 5h]
crevi_066: checks 
thenry03: checks 
*** TURN *** [3s 2d 5h] [Jd]
crevi_066: checks 
thenry03: checks 
*** RIVER *** [3s 2d 5h Jd] [Ac]
crevi_066: checks 
thenry03: checks 
*** SHOW DOWN ***
crevi_066: shows [8s Qs] (high card Ace)
thenry03: shows [Ad Ts] (a pair of Aces)
thenry03 collected €0.12 from pot
*** SUMMARY ***
Total pot €0.13 | Rake €0.01 
Board [3s 2d 5h Jd Ac]
Seat 1: thenry03 (button) showed [Ad Ts] and won (€0.12) with a pair of Aces
Seat 2: pipinoelbreve9 (small blind) folded before Flop
Seat 3: crevi_066 (big blind) showed [8s Qs] and lost with high card Ace
Seat 4: chuskillo9 folded before Flop (didn't bet)
Seat 5: KKKJJJ730 folded before Flop (didn't bet)
Seat 6: datkeire01 folded before Flop (didn't bet)



PokerStars Zoom Hand #257554716741:  Hold'em No Limit (€0.01/€0.02) - 2025/08/31 11:48:31 CET [2025/08/31 5:48:31 ET]
Table 'Arneb' 6-max Seat #1 is the button
Seat 1: candarias (€0.59 in chips) 
Seat 2: Zbiegnew90 (€2.23 in chips) 
Seat 3: Upandown1 (€2.27 in chips) 
Seat 4: nukilla888 (€0.85 in chips) 
Seat 5: metamex (€1.92 in chips) 
Seat 6: pipinoelbreve9 (€2.28 in chips) 
Zbiegnew90: posts small blind €0.01
Upandown1: posts big blind €0.02
*** HOLE CARDS ***
Dealt to pipinoelbreve9 [2c 4c]
nukilla888: calls €0.02
metamex: folds 
pipinoelbreve9: folds 
candarias: folds 
Zbiegnew90: calls €0.01
Upandown1: checks 
*** FLOP *** [Qh Td Qd]
Zbiegnew90: checks 
Upandown1: checks 
nukilla888: checks 
*** TURN *** [Qh Td Qd] [Kc]
Zbiegnew90: checks 
Upandown1: checks 
nukilla888: bets €0.02
Zbiegnew90: folds 
Upandown1: folds 
Uncalled bet (€0.02) returned to nukilla888
nukilla888 collected €0.06 from pot
nukilla888: doesn't show hand 
*** SUMMARY ***
Total pot €0.06 | Rake €0 
Board [Qh Td Qd Kc]
Seat 1: candarias (button) folded before Flop (didn't bet)
Seat 2: Zbiegnew90 (small blind) folded on the Turn
Seat 3: Upandown1 (big blind) folded on the Turn
Seat 4: nukilla888 collected (€0.06)
Seat 5: metamex folded before Flop (didn't bet)
Seat 6: pipinoelbreve9 folded before Flop (didn't bet)



PokerStars Zoom Hand #257554716299:  Hold'em No Limit (€0.01/€0.02) - 2025/08/31 11:48:27 CET [2025/08/31 5:48:27 ET]
Table 'Arneb' 6-max Seat #1 is the button
Seat 1: datkeire01 (€3.57 in chips) 
Seat 2: Davidsancheez16 (€0.76 in chips) 
Seat 3: chuskillo9 (€2 in chips) 
Seat 4: tumbamitos (€3.26 in chips) 
Seat 5: pipinoelbreve9 (€2.28 in chips) 
Seat 6: eyeeel (€1.32 in chips) 
Davidsancheez16: posts small blind €0.01
chuskillo9: posts big blind €0.02
*** HOLE CARDS ***
Dealt to pipinoelbreve9 [9s 2d]
tumbamitos: folds 
pipinoelbreve9: folds 
Davidsancheez16 is disconnected 
eyeeel: calls €0.02
datkeire01: folds 
Davidsancheez16 has timed out while disconnected
Davidsancheez16: folds 
chuskillo9: checks 
*** FLOP *** [Ks 5d Qs]
chuskillo9: checks 
eyeeel: bets €0.10
chuskillo9: folds 
Uncalled bet (€0.10) returned to eyeeel
eyeeel collected €0.05 from pot
eyeeel: doesn't show hand 
*** SUMMARY ***
Total pot €0.05 | Rake €0 
Board [Ks 5d Qs]
Seat 1: datkeire01 (button) folded before Flop (didn't bet)
Seat 2: Davidsancheez16 (small blind) folded before Flop
Seat 3: chuskillo9 (big blind) folded on the Flop
Seat 4: tumbamitos folded before Flop (didn't bet)
Seat 5: pipinoelbreve9 folded before Flop (didn't bet)
Seat 6: eyeeel collected (€0.05)



PokerStars Zoom Hand #257554718130:  Hold'em No Limit (€0.01/€0.02) - 2025/08/31 11:48:45 CET [2025/08/31 5:48:45 ET]
Table 'Arneb' 6-max Seat #1 is the button
Seat 1: ppatuky (€7.17 in chips) 
Seat 2: juanlu2000china (€1.97 in chips) 
Seat 3: pipinoelbreve9 (€2.28 in chips) 
Seat 4: 350ZJHN (€2.68 in chips) 
Seat 5: chuskillo9 (€2 in chips) 
Seat 6: KKKJJJ730 (€3.27 in chips) 
juanlu2000china: posts small blind €0.01
pipinoelbreve9: posts big blind €0.02
*** HOLE CARDS ***
Dealt to pipinoelbreve9 [Qc Ts]
350ZJHN: folds 
chuskillo9: raises €0.05 to €0.07
KKKJJJ730: folds 
ppatuky: folds 
juanlu2000china: folds 
pipinoelbreve9: calls €0.05
*** FLOP *** [Td 6h Ah]
pipinoelbreve9: checks 
chuskillo9: checks 
*** TURN *** [Td 6h Ah] [9s]
pipinoelbreve9: checks 
chuskillo9: checks 
*** RIVER *** [Td 6h Ah 9s] [4s]
pipinoelbreve9: bets €0.14
chuskillo9: folds 
Uncalled bet (€0.14) returned to pipinoelbreve9
pipinoelbreve9 collected €0.14 from pot
pipinoelbreve9: doesn't show hand 
*** SUMMARY ***
Total pot €0.15 | Rake €0.01 
Board [Td 6h Ah 9s 4s]
Seat 1: ppatuky (button) folded before Flop (didn't bet)
Seat 2: juanlu2000china (small blind) folded before Flop
Seat 3: pipinoelbreve9 (big blind) collected (€0.14)
Seat 4: 350ZJHN folded before Flop (didn't bet)
Seat 5: chuskillo9 folded on the River
Seat 6: KKKJJJ730 folded before Flop (didn't bet)



PokerStars Zoom Hand #257554723689:  Hold'em No Limit (€0.01/€0.02) - 2025/08/31 11:49:41 CET [2025/08/31 5:49:41 ET]
Table 'Arneb' 6-max Seat #1 is the button
Seat 1: Fyahrabbit (€3.08 in chips) 
Seat 2: ppatuky (€2.07 in chips) 
Seat 3: XXILuv (€2.08 in chips) 
Seat 4: eyeeel (€0.77 in chips) 
Seat 5: pipinoelbreve9 (€2.34 in chips) 
Seat 6: TEVMONIV (€1.45 in chips) 
ppatuky: posts small blind €0.01
XXILuv: posts big blind €0.02
*** HOLE CARDS ***
Dealt to pipinoelbreve9 [9c Jd]
eyeeel: folds 
pipinoelbreve9: folds 
TEVMONIV: folds 
Fyahrabbit: folds 
ppatuky: folds 
Uncalled bet (€0.01) returned to XXILuv
XXILuv collected €0.02 from pot
XXILuv: doesn't show hand 
*** SUMMARY ***
Total pot €0.02 | Rake €0 
Seat 1: Fyahrabbit (button) folded before Flop (didn't bet)
Seat 2: ppatuky (small blind) folded before Flop
Seat 3: XXILuv (big blind) collected (€0.02)
Seat 4: eyeeel folded before Flop (didn't bet)
Seat 5: pipinoelbreve9 folded before Flop (didn't bet)
Seat 6: TEVMONIV folded before Flop (didn't bet)



PokerStars Zoom Hand #257554724837:  Hold'em No Limit (€0.01/€0.02) - 2025/08/31 11:49:53 CET [2025/08/31 5:49:53 ET]
Table 'Arneb' 6-max Seat #1 is the button
Seat 1: eyeeel (€1.35 in chips) 
Seat 2: candarias (€3.92 in chips) 
Seat 3: metamex (€1.04 in chips) 
Seat 4: pipinoelbreve9 (€2.34 in chips) 
Seat 5: mikpepra (€1.42 in chips) 
Seat 6: XXILuv (€2.02 in chips) 
candarias: posts small blind €0.01
metamex: posts big blind €0.02
*** HOLE CARDS ***
Dealt to pipinoelbreve9 [6h Kc]
pipinoelbreve9: folds 
mikpepra: folds 
XXILuv: folds 
eyeeel: folds 
candarias: folds 
Uncalled bet (€0.01) returned to metamex
metamex collected €0.02 from pot
metamex: doesn't show hand 
*** SUMMARY ***
Total pot €0.02 | Rake €0 
Seat 1: eyeeel (button) folded before Flop (didn't bet)
Seat 2: candarias (small blind) folded before Flop
Seat 3: metamex (big blind) collected (€0.02)
Seat 4: pipinoelbreve9 folded before Flop (didn't bet)
Seat 5: mikpepra folded before Flop (didn't bet)
Seat 6: XXILuv folded before Flop (didn't bet)



PokerStars Zoom Hand #257554722820:  Hold'em No Limit (€0.01/€0.02) - 2025/08/31 11:49:33 CET [2025/08/31 5:49:33 ET]
Table 'Arneb' 6-max Seat #1 is the button
Seat 1: datkeire01 (€2.59 in chips) 
Seat 2: pipinoelbreve9 (€2.35 in chips) 
Seat 3: euse383 (€1.79 in chips) 
Seat 4: thenry03 (€2.40 in chips) 
Seat 5: ppatuky (€2.07 in chips) 
Seat 6: metamex (€1.04 in chips) 
pipinoelbreve9: posts small blind €0.01
euse383: posts big blind €0.02
*** HOLE CARDS ***
Dealt to pipinoelbreve9 [6d Tc]
thenry03: raises €0.04 to €0.06
ppatuky: folds 
metamex: folds 
datkeire01: calls €0.06
pipinoelbreve9: folds 
euse383: calls €0.04
*** FLOP *** [Jd 5c 4d]
euse383: checks 
thenry03: bets €0.07
datkeire01: calls €0.07
euse383: folds 
*** TURN *** [Jd 5c 4d] [4s]
thenry03: checks 
datkeire01: checks 
*** RIVER *** [Jd 5c 4d 4s] [9c]
thenry03: checks 
datkeire01: bets €0.20
thenry03: folds 
Uncalled bet (€0.20) returned to datkeire01
datkeire01 collected €0.31 from pot
datkeire01: doesn't show hand 
*** SUMMARY ***
Total pot €0.33 | Rake €0.02 
Board [Jd 5c 4d 4s 9c]
Seat 1: datkeire01 (button) collected (€0.31)
Seat 2: pipinoelbreve9 (small blind) folded before Flop
Seat 3: euse383 (big blind) folded on the Flop
Seat 4: thenry03 folded on the River
Seat 5: ppatuky folded before Flop (didn't bet)
Seat 6: metamex folded before Flop (didn't bet)



PokerStars Zoom Hand #257554725307:  Hold'em No Limit (€0.01/€0.02) - 2025/08/31 11:49:58 CET [2025/08/31 5:49:58 ET]
Table 'Arneb' 6-max Seat #1 is the button
Seat 1: pipinoelbreve9 (€2.34 in chips) 
Seat 2: Jeffkijay (€1.73 in chips) 
Seat 3: ppatuky (€3.73 in chips) 
Seat 4: mikpepra (€1.42 in chips) 
Seat 5: SrLyrox (€1.96 in chips) 
Seat 6: Ksunm (€1.97 in chips) 
Jeffkijay: posts small blind €0.01
ppatuky: posts big blind €0.02
*** HOLE CARDS ***
Dealt to pipinoelbreve9 [8c Ad]
mikpepra: folds 
SrLyrox: folds 
Ksunm: folds 
pipinoelbreve9: raises €0.04 to €0.06
Jeffkijay: folds 
ppatuky: calls €0.04
*** FLOP *** [Ts 3c 8d]
ppatuky: checks 
pipinoelbreve9: bets €0.06
ppatuky: raises €0.12 to €0.18
pipinoelbreve9: calls €0.12
*** TURN *** [Ts 3c 8d] [2s]
ppatuky: bets €0.34
pipinoelbreve9: folds 
Uncalled bet (€0.34) returned to ppatuky
ppatuky collected €0.47 from pot
ppatuky: doesn't show hand 
*** SUMMARY ***
Total pot €0.49 | Rake €0.02 
Board [Ts 3c 8d 2s]
Seat 1: pipinoelbreve9 (button) folded on the Turn
Seat 2: Jeffkijay (small blind) folded before Flop
Seat 3: ppatuky (big blind) collected (€0.47)
Seat 4: mikpepra folded before Flop (didn't bet)
Seat 5: SrLyrox folded before Flop (didn't bet)
Seat 6: Ksunm folded before Flop (didn't bet)



PokerStars Zoom Hand #257554729560:  Hold'em No Limit (€0.01/€0.02) - 2025/08/31 11:50:40 CET [2025/08/31 5:50:40 ET]
Table 'Arneb' 6-max Seat #1 is the button
Seat 1: TEVMONIV (€3.52 in chips) 
Seat 2: ppatuky (€2.04 in chips) 
Seat 3: datkeire01 (€2.72 in chips) 
Seat 4: metamex (€1.72 in chips) 
Seat 5: KKKJJJ730 (€3.06 in chips) 
Seat 6: pipinoelbreve9 (€2.10 in chips) 
ppatuky: posts small blind €0.01
datkeire01: posts big blind €0.02
*** HOLE CARDS ***
Dealt to pipinoelbreve9 [7h 7s]
metamex: folds 
KKKJJJ730: folds 
pipinoelbreve9: raises €0.04 to €0.06
TEVMONIV: folds 
ppatuky: folds 
datkeire01: folds 
Uncalled bet (€0.04) returned to pipinoelbreve9
pipinoelbreve9 collected €0.05 from pot
pipinoelbreve9: doesn't show hand 
*** SUMMARY ***
Total pot €0.05 | Rake €0 
Seat 1: TEVMONIV (button) folded before Flop (didn't bet)
Seat 2: ppatuky (small blind) folded before Flop
Seat 3: datkeire01 (big blind) folded before Flop
Seat 4: metamex folded before Flop (didn't bet)
Seat 5: KKKJJJ730 folded before Flop (didn't bet)
Seat 6: pipinoelbreve9 collected (€0.05)



PokerStars Zoom Hand #257554730520:  Hold'em No Limit (€0.01/€0.02) - 2025/08/31 11:50:50 CET [2025/08/31 5:50:50 ET]
Table 'Arneb' 6-max Seat #1 is the button
Seat 1: Jeffkijay (€1.69 in chips) 
Seat 2: pipinoelbreve9 (€2.13 in chips) 
Seat 3: FELIPE439 (€1.99 in chips) 
Seat 4: ppatuky (€2.03 in chips) 
Seat 5: metamex (€1.06 in chips) 
Seat 6: orosa (€2.96 in chips) 
pipinoelbreve9: posts small blind €0.01
FELIPE439: posts big blind €0.02
*** HOLE CARDS ***
Dealt to pipinoelbreve9 [7s 4h]
ppatuky: folds 
metamex: folds 
orosa: folds 
Jeffkijay: folds 
pipinoelbreve9: folds 
Uncalled bet (€0.01) returned to FELIPE439
FELIPE439 collected €0.02 from pot
FELIPE439: doesn't show hand 
*** SUMMARY ***
Total pot €0.02 | Rake €0 
Seat 1: Jeffkijay (button) folded before Flop (didn't bet)
Seat 2: pipinoelbreve9 (small blind) folded before Flop
Seat 3: FELIPE439 (big blind) collected (€0.02)
Seat 4: ppatuky folded before Flop (didn't bet)
Seat 5: metamex folded before Flop (didn't bet)
Seat 6: orosa folded before Flop (didn't bet)



PokerStars Zoom Hand #257554731305:  Hold'em No Limit (€0.01/€0.02) - 2025/08/31 11:50:57 CET [2025/08/31 5:50:57 ET]
Table 'Arneb' 6-max Seat #1 is the button
Seat 1: nukilla888 (€1 in chips) 
Seat 2: TEVMONIV (€3.53 in chips) 
Seat 3: pipinoelbreve9 (€2.12 in chips) 
Seat 4: euse383 (€1.67 in chips) 
Seat 5: SrLyrox (€1.97 in chips) 
Seat 6: XXILuv (€2 in chips) 
TEVMONIV: posts small blind €0.01
pipinoelbreve9: posts big blind €0.02
*** HOLE CARDS ***
Dealt to pipinoelbreve9 [2d Jc]
euse383: folds 
SrLyrox: folds 
XXILuv: folds 
nukilla888: folds 
TEVMONIV: folds 
Uncalled bet (€0.01) returned to pipinoelbreve9
pipinoelbreve9 collected €0.02 from pot
pipinoelbreve9: doesn't show hand 
*** SUMMARY ***
Total pot €0.02 | Rake €0 
Seat 1: nukilla888 (button) folded before Flop (didn't bet)
Seat 2: TEVMONIV (small blind) folded before Flop
Seat 3: pipinoelbreve9 (big blind) collected (€0.02)
Seat 4: euse383 folded before Flop (didn't bet)
Seat 5: SrLyrox folded before Flop (didn't bet)
Seat 6: XXILuv folded before Flop (didn't bet)



PokerStars Zoom Hand #257554732208:  Hold'em No Limit (€0.01/€0.02) - 2025/08/31 11:51:06 CET [2025/08/31 5:51:06 ET]
Table 'Arneb' 6-max Seat #1 is the button
Seat 1: XXILuv (€2.19 in chips) 
Seat 2: eyeeel (€1.30 in chips) 
Seat 3: orosa (€2.37 in chips) 
Seat 4: SrLyrox (€1.97 in chips) 
Seat 5: VEGAMAR (€2.19 in chips) 
Seat 6: pipinoelbreve9 (€2.13 in chips) 
eyeeel: posts small blind €0.01
orosa: posts big blind €0.02
*** HOLE CARDS ***
Dealt to pipinoelbreve9 [Js 9h]
SrLyrox: raises €0.04 to €0.06
VEGAMAR: folds 
pipinoelbreve9: folds 
XXILuv: folds 
eyeeel: folds 
orosa: folds 
Uncalled bet (€0.04) returned to SrLyrox
SrLyrox collected €0.05 from pot
SrLyrox: doesn't show hand 
*** SUMMARY ***
Total pot €0.05 | Rake €0 
Seat 1: XXILuv (button) folded before Flop (didn't bet)
Seat 2: eyeeel (small blind) folded before Flop
Seat 3: orosa (big blind) folded before Flop
Seat 4: SrLyrox collected (€0.05)
Seat 5: VEGAMAR folded before Flop (didn't bet)
Seat 6: pipinoelbreve9 folded before Flop (didn't bet)



PokerStars Zoom Hand #257554733032:  Hold'em No Limit (€0.01/€0.02) - 2025/08/31 11:51:15 CET [2025/08/31 5:51:15 ET]
Table 'Arneb' 6-max Seat #1 is the button
Seat 1: orosa (€2 in chips) 
Seat 2: VEGAMAR (€2.19 in chips) 
Seat 3: euse383 (€1.66 in chips) 
Seat 4: dragonfly2467 (€2.23 in chips) 
Seat 5: pipinoelbreve9 (€2.13 in chips) 
Seat 6: ppatuky (€3.92 in chips) 
VEGAMAR: posts small blind €0.01
euse383: posts big blind €0.02
*** HOLE CARDS ***
Dealt to pipinoelbreve9 [9h Ks]
dragonfly2467: folds 
pipinoelbreve9: folds 
ppatuky: folds 
orosa: folds 
VEGAMAR: raises €0.04 to €0.06
euse383: folds 
Uncalled bet (€0.04) returned to VEGAMAR
VEGAMAR collected €0.04 from pot
VEGAMAR: doesn't show hand 
*** SUMMARY ***
Total pot €0.04 | Rake €0 
Seat 1: orosa (button) folded before Flop (didn't bet)
Seat 2: VEGAMAR (small blind) collected (€0.04)
Seat 3: euse383 (big blind) folded before Flop
Seat 4: dragonfly2467 folded before Flop (didn't bet)
Seat 5: pipinoelbreve9 folded before Flop (didn't bet)
Seat 6: ppatuky folded before Flop (didn't bet)



PokerStars Zoom Hand #257554734307:  Hold'em No Limit (€0.01/€0.02) - 2025/08/31 11:51:28 CET [2025/08/31 5:51:28 ET]
Table 'Arneb' 6-max Seat #1 is the button
Seat 1: orosa (€2.35 in chips) 
Seat 2: tumbamitos (€3.32 in chips) 
Seat 3: ppatuky (€3.92 in chips) 
Seat 4: pipinoelbreve9 (€2.13 in chips) 
Seat 5: FELIPE439 (€2.64 in chips) 
Seat 6: XXILuv (€2.05 in chips) 
tumbamitos: posts small blind €0.01
ppatuky: posts big blind €0.02
*** HOLE CARDS ***
Dealt to pipinoelbreve9 [Qs 8s]
pipinoelbreve9: raises €0.04 to €0.06
FELIPE439: raises €0.14 to €0.20
XXILuv: folds 
orosa: folds 
tumbamitos: folds 
ppatuky: folds 
pipinoelbreve9: folds 
Uncalled bet (€0.14) returned to FELIPE439
FELIPE439 collected €0.15 from pot
FELIPE439: doesn't show hand 
*** SUMMARY ***
Total pot €0.15 | Rake €0 
Seat 1: orosa (button) folded before Flop (didn't bet)
Seat 2: tumbamitos (small blind) folded before Flop
Seat 3: ppatuky (big blind) folded before Flop
Seat 4: pipinoelbreve9 folded before Flop
Seat 5: FELIPE439 collected (€0.15)
Seat 6: XXILuv folded before Flop (didn't bet)



PokerStars Zoom Hand #257554848234:  Hold'em No Limit (€0.01/€0.02) - 2025/08/31 12:11:07 CET [2025/08/31 6:11:07 ET]
Table 'Arneb' 6-max Seat #1 is the button
Seat 1: ppatuky (€3.46 in chips) 
Seat 2: PetroniloPT (€1.43 in chips) 
Seat 3: pipinoelbreve9 (€2.07 in chips) 
Seat 4: SrLyrox (€1.66 in chips) 
Seat 5: lorocontento (€1.03 in chips) 
Seat 6: datkeire01 (€2.10 in chips) 
PetroniloPT: posts small blind €0.01
pipinoelbreve9: posts big blind €0.02
*** HOLE CARDS ***
Dealt to pipinoelbreve9 [8s Tc]
SrLyrox: raises €0.04 to €0.06
lorocontento: folds 
datkeire01: folds 
ppatuky: folds 
PetroniloPT: folds 
pipinoelbreve9: folds 
Uncalled bet (€0.04) returned to SrLyrox
SrLyrox collected €0.05 from pot
SrLyrox: doesn't show hand 
*** SUMMARY ***
Total pot €0.05 | Rake €0 
Seat 1: ppatuky (button) folded before Flop (didn't bet)
Seat 2: PetroniloPT (small blind) folded before Flop
Seat 3: pipinoelbreve9 (big blind) folded before Flop
Seat 4: SrLyrox collected (€0.05)
Seat 5: lorocontento folded before Flop (didn't bet)
Seat 6: datkeire01 folded before Flop (didn't bet)



PokerStars Zoom Hand #257554849018:  Hold'em No Limit (€0.01/€0.02) - 2025/08/31 12:11:14 CET [2025/08/31 6:11:14 ET]
Table 'Arneb' 6-max Seat #1 is the button
Seat 1: FELIPE439 (€3.89 in chips) 
Seat 2: pipinoelbreve9 (€2.05 in chips) 
Seat 3: JLKE (€3.09 in chips) 
Seat 4: LuccAAFelippi (€1.76 in chips) 
Seat 5: fcbrule (€1.97 in chips) 
Seat 6: orosa (€2.92 in chips) 
pipinoelbreve9: posts small blind €0.01
JLKE: posts big blind €0.02
*** HOLE CARDS ***
Dealt to pipinoelbreve9 [Ac Qd]
LuccAAFelippi: folds 
fcbrule: raises €0.03 to €0.05
orosa: folds 
FELIPE439: folds 
pipinoelbreve9: raises €0.13 to €0.18
JLKE: folds 
fcbrule: folds 
Uncalled bet (€0.13) returned to pipinoelbreve9
pipinoelbreve9 collected €0.12 from pot
pipinoelbreve9: doesn't show hand 
*** SUMMARY ***
Total pot €0.12 | Rake €0 
Seat 1: FELIPE439 (button) folded before Flop (didn't bet)
Seat 2: pipinoelbreve9 (small blind) collected (€0.12)
Seat 3: JLKE (big blind) folded before Flop
Seat 4: LuccAAFelippi folded before Flop (didn't bet)
Seat 5: fcbrule folded before Flop
Seat 6: orosa folded before Flop (didn't bet)



PokerStars Zoom Hand #257554852489:  Hold'em No Limit (€0.01/€0.02) - 2025/08/31 12:11:47 CET [2025/08/31 6:11:47 ET]
Table 'Arneb' 6-max Seat #1 is the button
Seat 1: pipinoelbreve9 (€2.12 in chips) 
Seat 2: orosa (€2 in chips) 
Seat 3: thenry03 (€1.96 in chips) 
Seat 4: euse383 (€2.91 in chips) 
Seat 5: ppatuky (€3.47 in chips) 
Seat 6: fcbrule (€1.92 in chips) 
orosa: posts small blind €0.01
thenry03: posts big blind €0.02
*** HOLE CARDS ***
Dealt to pipinoelbreve9 [Qd 7s]
euse383: folds 
ppatuky: folds 
fcbrule: folds 
pipinoelbreve9: raises €0.04 to €0.06
orosa: raises €0.18 to €0.24
thenry03: folds 
pipinoelbreve9: folds 
Uncalled bet (€0.18) returned to orosa
orosa collected €0.14 from pot
orosa: doesn't show hand 
*** SUMMARY ***
Total pot €0.14 | Rake €0 
Seat 1: pipinoelbreve9 (button) folded before Flop
Seat 2: orosa (small blind) collected (€0.14)
Seat 3: thenry03 (big blind) folded before Flop
Seat 4: euse383 folded before Flop (didn't bet)
Seat 5: ppatuky folded before Flop (didn't bet)
Seat 6: fcbrule folded before Flop (didn't bet)



PokerStars Zoom Hand #257554854959:  Hold'em No Limit (€0.01/€0.02) - 2025/08/31 12:12:11 CET [2025/08/31 6:12:11 ET]
Table 'Arneb' 6-max Seat #1 is the button
Seat 1: FelixMun (€2.58 in chips) 
Seat 2: ppatuky (€4.20 in chips) 
Seat 3: datkeire01 (€5.41 in chips) 
Seat 4: sirena58 (€3.31 in chips) 
Seat 5: crevi_066 (€3.27 in chips) 
Seat 6: pipinoelbreve9 (€2.06 in chips) 
ppatuky: posts small blind €0.01
datkeire01: posts big blind €0.02
*** HOLE CARDS ***
Dealt to pipinoelbreve9 [Qh 9c]
sirena58: raises €0.04 to €0.06
crevi_066: folds 
pipinoelbreve9: folds 
FelixMun: calls €0.06
ppatuky: folds 
datkeire01: folds 
*** FLOP *** [2d Ks 5c]
sirena58: bets €0.05
FelixMun: calls €0.05
*** TURN *** [2d Ks 5c] [4s]
sirena58: bets €0.12
FelixMun: calls €0.12
*** RIVER *** [2d Ks 5c 4s] [7s]
sirena58: checks 
FelixMun: bets €2.35 and is all-in
sirena58: folds 
Uncalled bet (€2.35) returned to FelixMun
FelixMun collected €0.47 from pot
FelixMun: doesn't show hand 
*** SUMMARY ***
Total pot €0.49 | Rake €0.02 
Board [2d Ks 5c 4s 7s]
Seat 1: FelixMun (button) collected (€0.47)
Seat 2: ppatuky (small blind) folded before Flop
Seat 3: datkeire01 (big blind) folded before Flop
Seat 4: sirena58 folded on the River
Seat 5: crevi_066 folded before Flop (didn't bet)
Seat 6: pipinoelbreve9 folded before Flop (didn't bet)



PokerStars Zoom Hand #257554857624:  Hold'em No Limit (€0.01/€0.02) - 2025/08/31 12:12:37 CET [2025/08/31 6:12:37 ET]
Table 'Arneb' 6-max Seat #1 is the button
Seat 1: fcbrule (€1.90 in chips) 
Seat 2: MagicGitox (€2.79 in chips) 
Seat 3: pipinoelbreve9 (€2.06 in chips) 
Seat 4: ppatuky (€3.53 in chips) 
Seat 5: datkeire01 (€2.10 in chips) 
Seat 6: orosa (€2.42 in chips) 
MagicGitox: posts small blind €0.01
pipinoelbreve9: posts big blind €0.02
*** HOLE CARDS ***
Dealt to pipinoelbreve9 [3d Jd]
ppatuky: raises €0.04 to €0.06
datkeire01: folds 
orosa: folds 
fcbrule: folds 
MagicGitox: folds 
pipinoelbreve9: folds 
Uncalled bet (€0.04) returned to ppatuky
ppatuky collected €0.05 from pot
ppatuky: doesn't show hand 
*** SUMMARY ***
Total pot €0.05 | Rake €0 
Seat 1: fcbrule (button) folded before Flop (didn't bet)
Seat 2: MagicGitox (small blind) folded before Flop
Seat 3: pipinoelbreve9 (big blind) folded before Flop
Seat 4: ppatuky collected (€0.05)
Seat 5: datkeire01 folded before Flop (didn't bet)
Seat 6: orosa folded before Flop (didn't bet)



PokerStars Zoom Hand #257554858318:  Hold'em No Limit (€0.01/€0.02) - 2025/08/31 12:12:43 CET [2025/08/31 6:12:43 ET]
Table 'Arneb' 6-max Seat #1 is the button
Seat 1: l2orestes (€2 in chips) 
Seat 2: orosa (€2.96 in chips) 
Seat 3: candarias (€0.76 in chips) 
Seat 4: pipinoelbreve9 (€2.04 in chips) 
Seat 5: FELIPE439 (€2.08 in chips) 
Seat 6: chivi71 (€2.05 in chips) 
orosa: posts small blind €0.01
candarias: posts big blind €0.02
*** HOLE CARDS ***
Dealt to pipinoelbreve9 [Jd 5s]
pipinoelbreve9: folds 
FELIPE439: raises €0.04 to €0.06
chivi71: folds 
l2orestes: folds 
orosa: folds 
candarias: folds 
Uncalled bet (€0.04) returned to FELIPE439
FELIPE439 collected €0.05 from pot
FELIPE439: doesn't show hand 
*** SUMMARY ***
Total pot €0.05 | Rake €0 
Seat 1: l2orestes (button) folded before Flop (didn't bet)
Seat 2: orosa (small blind) folded before Flop
Seat 3: candarias (big blind) folded before Flop
Seat 4: pipinoelbreve9 folded before Flop (didn't bet)
Seat 5: FELIPE439 collected (€0.05)
Seat 6: chivi71 folded before Flop (didn't bet)



PokerStars Zoom Hand #257554856217:  Hold'em No Limit (€0.01/€0.02) - 2025/08/31 12:12:23 CET [2025/08/31 6:12:23 ET]
Table 'Arneb' 6-max Seat #1 is the button
Seat 1: simoner115 (€1.27 in chips) 
Seat 2: Estrabao (€6.63 in chips) 
Seat 3: euse383 (€2.90 in chips) 
Seat 4: poteaarte (€2.53 in chips) 
Seat 5: pipinoelbreve9 (€2.06 in chips) 
Seat 6: chuskillo9 (€2 in chips) 
Estrabao: posts small blind €0.01
euse383: posts big blind €0.02
*** HOLE CARDS ***
Dealt to pipinoelbreve9 [Kc 4d]
poteaarte: folds 
pipinoelbreve9: folds 
chuskillo9: folds 
simoner115: folds 
Estrabao: calls €0.01
euse383: checks 
*** FLOP *** [6s Td 7c]
Estrabao: checks 
euse383: checks 
*** TURN *** [6s Td 7c] [6h]
Estrabao: bets €0.02
euse383: calls €0.02
*** RIVER *** [6s Td 7c 6h] [Ks]
Estrabao: checks 
euse383: checks 
*** SHOW DOWN ***
Estrabao: shows [5c 5h] (two pair, Sixes and Fives)
euse383: mucks hand 
Estrabao collected €0.08 from pot
*** SUMMARY ***
Total pot €0.08 | Rake €0 
Board [6s Td 7c 6h Ks]
Seat 1: simoner115 (button) folded before Flop (didn't bet)
Seat 2: Estrabao (small blind) showed [5c 5h] and won (€0.08) with two pair, Sixes and Fives
Seat 3: euse383 (big blind) mucked [Qd Jc]
Seat 4: poteaarte folded before Flop (didn't bet)
Seat 5: pipinoelbreve9 folded before Flop (didn't bet)
Seat 6: chuskillo9 folded before Flop (didn't bet)



PokerStars Zoom Hand #257554859388:  Hold'em No Limit (€0.01/€0.02) - 2025/08/31 12:12:54 CET [2025/08/31 6:12:54 ET]
Table 'Arneb' 6-max Seat #1 is the button
Seat 1: pipinoelbreve9 (€2.04 in chips) 
Seat 2: poteaarte (€2.54 in chips) 
Seat 3: unaig44 (€1.74 in chips) 
Seat 4: cheminot83 (€2.03 in chips) 
Seat 5: ppatuky (€4.17 in chips) 
Seat 6: JLKE (€3.06 in chips) 
poteaarte: posts small blind €0.01
unaig44: posts big blind €0.02
*** HOLE CARDS ***
Dealt to pipinoelbreve9 [9s Kd]
cheminot83: raises €0.02 to €0.04
ppatuky: folds 
JLKE: folds 
pipinoelbreve9: calls €0.04
poteaarte: folds 
unaig44: folds 
*** FLOP *** [Qs 3h 8s]
cheminot83: bets €0.10
pipinoelbreve9: folds 
Uncalled bet (€0.10) returned to cheminot83
cheminot83 collected €0.10 from pot
cheminot83: doesn't show hand 
*** SUMMARY ***
Total pot €0.11 | Rake €0.01 
Board [Qs 3h 8s]
Seat 1: pipinoelbreve9 (button) folded on the Flop
Seat 2: poteaarte (small blind) folded before Flop
Seat 3: unaig44 (big blind) folded before Flop
Seat 4: cheminot83 collected (€0.10)
Seat 5: ppatuky folded before Flop (didn't bet)
Seat 6: JLKE folded before Flop (didn't bet)



PokerStars Zoom Hand #257554862457:  Hold'em No Limit (€0.01/€0.02) - 2025/08/31 12:13:24 CET [2025/08/31 6:13:24 ET]
Table 'Arneb' 6-max Seat #1 is the button
Seat 1: FELIPE439 (€3.85 in chips) 
Seat 2: pipinoelbreve9 (€2 in chips) 
Seat 3: orosa (€2 in chips) 
Seat 4: Danipro178 (€2.06 in chips) 
Seat 5: candarias (€0.74 in chips) 
Seat 6: ascool40 (€2 in chips) 
pipinoelbreve9: posts small blind €0.01
orosa: posts big blind €0.02
*** HOLE CARDS ***
Dealt to pipinoelbreve9 [3c Jh]
Danipro178: folds 
candarias: folds 
ascool40: folds 
FELIPE439: raises €0.04 to €0.06
pipinoelbreve9: folds 
orosa: folds 
Uncalled bet (€0.04) returned to FELIPE439
FELIPE439 collected €0.05 from pot
FELIPE439: doesn't show hand 
*** SUMMARY ***
Total pot €0.05 | Rake €0 
Seat 1: FELIPE439 (button) collected (€0.05)
Seat 2: pipinoelbreve9 (small blind) folded before Flop
Seat 3: orosa (big blind) folded before Flop
Seat 4: Danipro178 folded before Flop (didn't bet)
Seat 5: candarias folded before Flop (didn't bet)
Seat 6: ascool40 folded before Flop (didn't bet)



PokerStars Zoom Hand #257554864286:  Hold'em No Limit (€0.01/€0.02) - 2025/08/31 12:13:42 CET [2025/08/31 6:13:42 ET]
Table 'Arneb' 6-max Seat #1 is the button
Seat 1: thenry03 (€1.85 in chips) 
Seat 2: LuccAAFelippi (€1.66 in chips) 
Seat 3: Tessiart (€2 in chips) 
Seat 4: FELIPE439 (€3.88 in chips) 
Seat 5: pipinoelbreve9 (€2 in chips) 
Seat 6: Danipro178 (€2.06 in chips) 
LuccAAFelippi: posts small blind €0.01
Tessiart: posts big blind €0.02
*** HOLE CARDS ***
Dealt to pipinoelbreve9 [4h 7h]
FELIPE439: folds 
pipinoelbreve9: folds 
Danipro178: folds 
thenry03: folds 
LuccAAFelippi: folds 
Uncalled bet (€0.01) returned to Tessiart
Tessiart collected €0.02 from pot
Tessiart: doesn't show hand 
*** SUMMARY ***
Total pot €0.02 | Rake €0 
Seat 1: thenry03 (button) folded before Flop (didn't bet)
Seat 2: LuccAAFelippi (small blind) folded before Flop
Seat 3: Tessiart (big blind) collected (€0.02)
Seat 4: FELIPE439 folded before Flop (didn't bet)
Seat 5: pipinoelbreve9 folded before Flop (didn't bet)
Seat 6: Danipro178 folded before Flop (didn't bet)



PokerStars Zoom Hand #257554863994:  Hold'em No Limit (€0.01/€0.02) - 2025/08/31 12:13:39 CET [2025/08/31 6:13:39 ET]
Table 'Arneb' 6-max Seat #1 is the button
Seat 1: Abrelatas787 (€2.41 in chips) 
Seat 2: orosa (€2.16 in chips) 
Seat 3: juanlu2000china (€1.59 in chips) 
Seat 4: SrLyrox (€2 in chips) 
Seat 5: dday14540 (€1.62 in chips) 
Seat 6: pipinoelbreve9 (€2 in chips) 
orosa: posts small blind €0.01
juanlu2000china: posts big blind €0.02
*** HOLE CARDS ***
Dealt to pipinoelbreve9 [6s Ts]
SrLyrox: folds 
dday14540: folds 
pipinoelbreve9: folds 
Abrelatas787: raises €0.04 to €0.06
orosa: folds 
juanlu2000china: folds 
Uncalled bet (€0.04) returned to Abrelatas787
Abrelatas787 collected €0.05 from pot
Abrelatas787: doesn't show hand 
*** SUMMARY ***
Total pot €0.05 | Rake €0 
Seat 1: Abrelatas787 (button) collected (€0.05)
Seat 2: orosa (small blind) folded before Flop
Seat 3: juanlu2000china (big blind) folded before Flop
Seat 4: SrLyrox folded before Flop (didn't bet)
Seat 5: dday14540 folded before Flop (didn't bet)
Seat 6: pipinoelbreve9 folded before Flop (didn't bet)



PokerStars Zoom Hand #257556386686:  Hold'em No Limit (€0.01/€0.02) - 2025/08/31 15:30:56 CET [2025/08/31 9:30:56 ET]
Table 'Arneb' 6-max Seat #1 is the button
Seat 1: GamerVidal (€2.23 in chips) 
Seat 2: wilbor123 (€2.04 in chips) 
Seat 3: pipinoelbreve9 (€2 in chips) 
Seat 4: flx5757 (€1.62 in chips) 
Seat 5: AntiPokerStar (€2.11 in chips) 
Seat 6: ehbraga (€0.99 in chips) 
wilbor123: posts small blind €0.01
pipinoelbreve9: posts big blind €0.02
*** HOLE CARDS ***
Dealt to pipinoelbreve9 [Th Ts]
flx5757: folds 
AntiPokerStar: raises €0.04 to €0.06
ehbraga: folds 
GamerVidal: folds 
wilbor123: folds 
pipinoelbreve9: calls €0.04
*** FLOP *** [Qd 6h 6d]
pipinoelbreve9: checks 
AntiPokerStar: checks 
*** TURN *** [Qd 6h 6d] [Td]
pipinoelbreve9: bets €0.06
AntiPokerStar: folds 
Uncalled bet (€0.06) returned to pipinoelbreve9
pipinoelbreve9 collected €0.12 from pot
pipinoelbreve9: doesn't show hand 
*** SUMMARY ***
Total pot €0.13 | Rake €0.01 
Board [Qd 6h 6d Td]
Seat 1: GamerVidal (button) folded before Flop (didn't bet)
Seat 2: wilbor123 (small blind) folded before Flop
Seat 3: pipinoelbreve9 (big blind) collected (€0.12)
Seat 4: flx5757 folded before Flop (didn't bet)
Seat 5: AntiPokerStar folded on the Turn
Seat 6: ehbraga folded before Flop (didn't bet)



PokerStars Zoom Hand #257556392761:  Hold'em No Limit (€0.01/€0.02) - 2025/08/31 15:31:34 CET [2025/08/31 9:31:34 ET]
Table 'Arneb' 6-max Seat #1 is the button
Seat 1: pipinoelbreve9 (€2.06 in chips) 
Seat 2: Diefa4466 (€2.14 in chips) 
Seat 3: NEMOXYX (€2.09 in chips) 
Seat 4: ratomi (€0.83 in chips) 
Seat 5: Sanpetas (€2.49 in chips) 
Seat 6: Zecapt23 (€1.36 in chips) 
Diefa4466: posts small blind €0.01
NEMOXYX: posts big blind €0.02
*** HOLE CARDS ***
Dealt to pipinoelbreve9 [Qd 6s]
ratomi: folds 
Sanpetas: calls €0.02
Zecapt23: calls €0.02
pipinoelbreve9: calls €0.02
Diefa4466: folds 
NEMOXYX: checks 
*** FLOP *** [4h Kh Js]
NEMOXYX: checks 
Sanpetas: checks 
Zecapt23: checks 
pipinoelbreve9: checks 
*** TURN *** [4h Kh Js] [5s]
NEMOXYX: checks 
Sanpetas: bets €0.02
Zecapt23: calls €0.02
pipinoelbreve9: folds 
NEMOXYX: folds 
*** RIVER *** [4h Kh Js 5s] [3h]
Sanpetas: bets €0.04
Zecapt23: folds 
Uncalled bet (€0.04) returned to Sanpetas
Sanpetas collected €0.12 from pot
Sanpetas: doesn't show hand 
*** SUMMARY ***
Total pot €0.13 | Rake €0.01 
Board [4h Kh Js 5s 3h]
Seat 1: pipinoelbreve9 (button) folded on the Turn
Seat 2: Diefa4466 (small blind) folded before Flop
Seat 3: NEMOXYX (big blind) folded on the Turn
Seat 4: ratomi folded before Flop (didn't bet)
Seat 5: Sanpetas collected (€0.12)
Seat 6: Zecapt23 folded on the River



PokerStars Zoom Hand #257556397385:  Hold'em No Limit (€0.01/€0.02) - 2025/08/31 15:32:02 CET [2025/08/31 9:32:02 ET]
Table 'Arneb' 6-max Seat #1 is the button
Seat 1: NEMOXYX (€2.66 in chips) 
Seat 2: pipinoelbreve9 (€2.04 in chips) 
Seat 3: Clozako (€0.98 in chips) 
Seat 4: rare12345 (€2 in chips) 
Seat 5: osking118 (€1.82 in chips) 
Seat 6: DavSnook (€0.56 in chips) 
pipinoelbreve9: posts small blind €0.01
Clozako: posts big blind €0.02
*** HOLE CARDS ***
Dealt to pipinoelbreve9 [4d 3d]
rare12345: folds 
osking118: raises €0.04 to €0.06
DavSnook: calls €0.06
NEMOXYX: folds 
pipinoelbreve9: calls €0.05
Clozako: folds 
*** FLOP *** [8c 5c 4c]
pipinoelbreve9: checks 
osking118: checks 
DavSnook: bets €0.10
pipinoelbreve9: calls €0.10
osking118: calls €0.10
*** TURN *** [8c 5c 4c] [4s]
pipinoelbreve9: checks 
osking118: checks 
DavSnook: checks 
*** RIVER *** [8c 5c 4c 4s] [6h]
pipinoelbreve9: bets €0.32
osking118: calls €0.32
DavSnook: folds 
*** SHOW DOWN ***
pipinoelbreve9: shows [4d 3d] (three of a kind, Fours)
osking118: mucks hand 
pipinoelbreve9 collected €1.08 from pot
*** SUMMARY ***
Total pot €1.14 | Rake €0.06 
Board [8c 5c 4c 4s 6h]
Seat 1: NEMOXYX (button) folded before Flop (didn't bet)
Seat 2: pipinoelbreve9 (small blind) showed [4d 3d] and won (€1.08) with three of a kind, Fours
Seat 3: Clozako (big blind) folded before Flop
Seat 4: rare12345 folded before Flop (didn't bet)
Seat 5: osking118 mucked [Td Th]
Seat 6: DavSnook folded on the River



PokerStars Zoom Hand #257556407890:  Hold'em No Limit (€0.01/€0.02) - 2025/08/31 15:33:07 CET [2025/08/31 9:33:07 ET]
Table 'Arneb' 6-max Seat #1 is the button
Seat 1: wilbor123 (€2 in chips) 
Seat 2: davidelgnomo747 (€0.42 in chips) 
Seat 3: odace15 (€3.02 in chips) 
Seat 4: 34pluto (€2.05 in chips) 
Seat 5: pipinoelbreve9 (€2.64 in chips) 
Seat 6: rare12345 (€2.01 in chips) 
davidelgnomo747: posts small blind €0.01
odace15: posts big blind €0.02
*** HOLE CARDS ***
Dealt to pipinoelbreve9 [As 8s]
34pluto: folds 
pipinoelbreve9: raises €0.04 to €0.06
rare12345: folds 
wilbor123: folds 
davidelgnomo747: folds 
odace15: calls €0.04
*** FLOP *** [5s Jc 3d]
odace15: bets €0.08
pipinoelbreve9: calls €0.08
*** TURN *** [5s Jc 3d] [6c]
odace15: bets €0.14
pipinoelbreve9: folds 
Uncalled bet (€0.14) returned to odace15
odace15 collected €0.28 from pot
odace15: doesn't show hand 
*** SUMMARY ***
Total pot €0.29 | Rake €0.01 
Board [5s Jc 3d 6c]
Seat 1: wilbor123 (button) folded before Flop (didn't bet)
Seat 2: davidelgnomo747 (small blind) folded before Flop
Seat 3: odace15 (big blind) collected (€0.28)
Seat 4: 34pluto folded before Flop (didn't bet)
Seat 5: pipinoelbreve9 folded on the Turn
Seat 6: rare12345 folded before Flop (didn't bet)



PokerStars Zoom Hand #257556416494:  Hold'em No Limit (€0.01/€0.02) - 2025/08/31 15:34:00 CET [2025/08/31 9:34:00 ET]
Table 'Arneb' 6-max Seat #1 is the button
Seat 1: serviettski(fr) (€2.03 in chips) 
Seat 2: mandru80 (€1.95 in chips) 
Seat 3: pipinoelbreve9 (€2.50 in chips) 
Seat 4: koka1151 (€2 in chips) 
Seat 5: choro244 (€3.16 in chips) 
Seat 6: janjos69 (€3.90 in chips) 
mandru80: posts small blind €0.01
pipinoelbreve9: posts big blind €0.02
*** HOLE CARDS ***
Dealt to pipinoelbreve9 [Th Jc]
koka1151: folds 
choro244: folds 
janjos69: folds 
serviettski(fr): folds 
mandru80: folds 
Uncalled bet (€0.01) returned to pipinoelbreve9
pipinoelbreve9 collected €0.02 from pot
pipinoelbreve9: doesn't show hand 
*** SUMMARY ***
Total pot €0.02 | Rake €0 
Seat 1: serviettski(fr) (button) folded before Flop (didn't bet)
Seat 2: mandru80 (small blind) folded before Flop
Seat 3: pipinoelbreve9 (big blind) collected (€0.02)
Seat 4: koka1151 folded before Flop (didn't bet)
Seat 5: choro244 folded before Flop (didn't bet)
Seat 6: janjos69 folded before Flop (didn't bet)



PokerStars Zoom Hand #257556415639:  Hold'em No Limit (€0.01/€0.02) - 2025/08/31 15:33:55 CET [2025/08/31 9:33:55 ET]
Table 'Arneb' 6-max Seat #1 is the button
Seat 1: osking118 (€1.28 in chips) 
Seat 2: Jah2U (€0.64 in chips) 
Seat 3: jupiter451 (€1 in chips) 
Seat 4: koka1151 (€2 in chips) 
Seat 5: Diefa4466 (€5.25 in chips) 
Seat 6: pipinoelbreve9 (€2.50 in chips) 
Jah2U: posts small blind €0.01
jupiter451: posts big blind €0.02
*** HOLE CARDS ***
Dealt to pipinoelbreve9 [2d 9d]
koka1151: folds 
Diefa4466: raises €0.03 to €0.05
pipinoelbreve9: folds 
osking118: folds 
Jah2U: folds 
jupiter451: folds 
Uncalled bet (€0.03) returned to Diefa4466
Diefa4466 collected €0.05 from pot
Diefa4466: doesn't show hand 
*** SUMMARY ***
Total pot €0.05 | Rake €0 
Seat 1: osking118 (button) folded before Flop (didn't bet)
Seat 2: Jah2U (small blind) folded before Flop
Seat 3: jupiter451 (big blind) folded before Flop
Seat 4: koka1151 folded before Flop (didn't bet)
Seat 5: Diefa4466 collected (€0.05)
Seat 6: pipinoelbreve9 folded before Flop (didn't bet)



PokerStars Zoom Hand #257556418389:  Hold'em No Limit (€0.01/€0.02) - 2025/08/31 15:34:12 CET [2025/08/31 9:34:12 ET]
Table 'Arneb' 6-max Seat #1 is the button
Seat 1: chaboargudin (€0.91 in chips) 
Seat 2: RichyPozo (€2 in chips) 
Seat 3: Jah2U (€0.63 in chips) 
Seat 4: pipinoelbreve9 (€2.51 in chips) 
Seat 5: Mai SA135 (€2.86 in chips) 
Seat 6: ehbraga (€0.94 in chips) 
RichyPozo: posts small blind €0.01
Jah2U: posts big blind €0.02
*** HOLE CARDS ***
Dealt to pipinoelbreve9 [Js 7h]
pipinoelbreve9: folds 
Mai SA135: folds 
ehbraga: folds 
chaboargudin: folds 
RichyPozo: folds 
Uncalled bet (€0.01) returned to Jah2U
Jah2U collected €0.02 from pot
Jah2U: doesn't show hand 
*** SUMMARY ***
Total pot €0.02 | Rake €0 
Seat 1: chaboargudin (button) folded before Flop (didn't bet)
Seat 2: RichyPozo (small blind) folded before Flop
Seat 3: Jah2U (big blind) collected (€0.02)
Seat 4: pipinoelbreve9 folded before Flop (didn't bet)
Seat 5: Mai SA135 folded before Flop (didn't bet)
Seat 6: ehbraga folded before Flop (didn't bet)



PokerStars Zoom Hand #257556423058:  Hold'em No Limit (€0.01/€0.02) - 2025/08/31 15:34:40 CET [2025/08/31 9:34:40 ET]
Table 'Arneb' 6-max Seat #1 is the button
Seat 1: ehbraga (€0.91 in chips) 
Seat 2: poteaarte (€2 in chips) 
Seat 3: migueldep10 (€1.52 in chips) 
Seat 4: leobcn9 (€2 in chips) 
Seat 5: pipinoelbreve9 (€2.50 in chips) 
Seat 6: eric stl 196 (€1.67 in chips) 
poteaarte: posts small blind €0.01
migueldep10: posts big blind €0.02
*** HOLE CARDS ***
Dealt to pipinoelbreve9 [Ts 7c]
leobcn9: folds 
pipinoelbreve9: folds 
eric stl 196: folds 
ehbraga: folds 
poteaarte: raises €0.04 to €0.06
migueldep10: folds 
Uncalled bet (€0.04) returned to poteaarte
poteaarte collected €0.04 from pot
poteaarte: doesn't show hand 
*** SUMMARY ***
Total pot €0.04 | Rake €0 
Seat 1: ehbraga (button) folded before Flop (didn't bet)
Seat 2: poteaarte (small blind) collected (€0.04)
Seat 3: migueldep10 (big blind) folded before Flop
Seat 4: leobcn9 folded before Flop (didn't bet)
Seat 5: pipinoelbreve9 folded before Flop (didn't bet)
Seat 6: eric stl 196 folded before Flop (didn't bet)



PokerStars Zoom Hand #257556419700:  Hold'em No Limit (€0.01/€0.02) - 2025/08/31 15:34:20 CET [2025/08/31 9:34:20 ET]
Table 'Arneb' 6-max Seat #1 is the button
Seat 1: candarias (€0.72 in chips) 
Seat 2: pipinoelbreve9 (€2.51 in chips) 
Seat 3: davidelgnomo747 (€0.32 in chips) 
Seat 4: 34pluto (€1.49 in chips) 
Seat 5: anflo13 (€2.38 in chips) 
Seat 6: NEMOXYX (€2.17 in chips) 
pipinoelbreve9: posts small blind €0.01
davidelgnomo747: posts big blind €0.02
*** HOLE CARDS ***
Dealt to pipinoelbreve9 [3c 6h]
34pluto: folds 
anflo13: raises €0.02 to €0.04
NEMOXYX: folds 
candarias: folds 
pipinoelbreve9: folds 
davidelgnomo747: calls €0.02
*** FLOP *** [5s 7d 4h]
davidelgnomo747: checks 
anflo13: bets €0.04
davidelgnomo747: calls €0.04
*** TURN *** [5s 7d 4h] [6s]
davidelgnomo747: checks 
anflo13: checks 
*** RIVER *** [5s 7d 4h 6s] [3d]
davidelgnomo747: bets €0.16
anflo13: folds 
Uncalled bet (€0.16) returned to davidelgnomo747
davidelgnomo747 collected €0.16 from pot
davidelgnomo747: doesn't show hand 
*** SUMMARY ***
Total pot €0.17 | Rake €0.01 
Board [5s 7d 4h 6s 3d]
Seat 1: candarias (button) folded before Flop (didn't bet)
Seat 2: pipinoelbreve9 (small blind) folded before Flop
Seat 3: davidelgnomo747 (big blind) collected (€0.16)
Seat 4: 34pluto folded before Flop (didn't bet)
Seat 5: anflo13 folded on the River
Seat 6: NEMOXYX folded before Flop (didn't bet)



PokerStars Zoom Hand #257556421334:  Hold'em No Limit (€0.01/€0.02) - 2025/08/31 15:34:30 CET [2025/08/31 9:34:30 ET]
Table 'Arneb' 6-max Seat #1 is the button
Seat 1: pipinoelbreve9 (€2.50 in chips) 
Seat 2: raptureman1 (€6.42 in chips) 
Seat 3: gustcap98 (€1.39 in chips) 
Seat 4: poteaarte (€2 in chips) 
Seat 5: candarias (€0.72 in chips) 
Seat 6: Sanpetas (€2.56 in chips) 
raptureman1: posts small blind €0.01
gustcap98: posts big blind €0.02
*** HOLE CARDS ***
Dealt to pipinoelbreve9 [7s Ts]
poteaarte: folds 
candarias: folds 
Sanpetas: calls €0.02
pipinoelbreve9: folds 
raptureman1: folds 
gustcap98: checks 
*** FLOP *** [Tc Qs 5h]
gustcap98: bets €0.02
Sanpetas: calls €0.02
*** TURN *** [Tc Qs 5h] [2d]
gustcap98: bets €0.04
Sanpetas: calls €0.04
*** RIVER *** [Tc Qs 5h 2d] [Td]
gustcap98: bets €0.04
Sanpetas: calls €0.04
*** SHOW DOWN ***
gustcap98: shows [Qd 9s] (two pair, Queens and Tens)
Sanpetas: mucks hand 
gustcap98 collected €0.24 from pot
*** SUMMARY ***
Total pot €0.25 | Rake €0.01 
Board [Tc Qs 5h 2d Td]
Seat 1: pipinoelbreve9 (button) folded before Flop (didn't bet)
Seat 2: raptureman1 (small blind) folded before Flop
Seat 3: gustcap98 (big blind) showed [Qd 9s] and won (€0.24) with two pair, Queens and Tens
Seat 4: poteaarte folded before Flop (didn't bet)
Seat 5: candarias folded before Flop (didn't bet)
Seat 6: Sanpetas mucked [Jh Jd]



PokerStars Zoom Hand #257556420308:  Hold'em No Limit (€0.01/€0.02) - 2025/08/31 15:34:24 CET [2025/08/31 9:34:24 ET]
Table 'Arneb' 6-max Seat #1 is the button
Seat 1: DarkSidious666 (€2.16 in chips) 
Seat 2: Sanpetas (€2.57 in chips) 
Seat 3: flx5757 (€1.34 in chips) 
Seat 4: serviettski(fr) (€2 in chips) 
Seat 5: wilbor123 (€2.30 in chips) 
Seat 6: pipinoelbreve9 (€2.50 in chips) 
Sanpetas: posts small blind €0.01
flx5757: posts big blind €0.02
*** HOLE CARDS ***
Dealt to pipinoelbreve9 [Kd 8h]
serviettski(fr): raises €0.04 to €0.06
wilbor123: folds 
pipinoelbreve9: folds 
DarkSidious666: folds 
Sanpetas: folds 
flx5757: calls €0.04
*** FLOP *** [8d Ad Qh]
flx5757: checks 
serviettski(fr): bets €0.06
flx5757: calls €0.06
*** TURN *** [8d Ad Qh] [Jd]
flx5757: checks 
serviettski(fr): bets €0.12
flx5757: raises €0.24 to €0.36
serviettski(fr): folds 
Uncalled bet (€0.24) returned to flx5757
flx5757 collected €0.47 from pot
flx5757: doesn't show hand 
*** SUMMARY ***
Total pot €0.49 | Rake €0.02 
Board [8d Ad Qh Jd]
Seat 1: DarkSidious666 (button) folded before Flop (didn't bet)
Seat 2: Sanpetas (small blind) folded before Flop
Seat 3: flx5757 (big blind) collected (€0.47)
Seat 4: serviettski(fr) folded on the Turn
Seat 5: wilbor123 folded before Flop (didn't bet)
Seat 6: pipinoelbreve9 folded before Flop (didn't bet)



PokerStars Zoom Hand #257556426076:  Hold'em No Limit (€0.01/€0.02) - 2025/08/31 15:34:59 CET [2025/08/31 9:34:59 ET]
Table 'Arneb' 6-max Seat #1 is the button
Seat 1: candarias (€1.34 in chips) 
Seat 2: pipinoelbreve9 (€2.48 in chips) 
Seat 3: odace15 (€4.76 in chips) 
Seat 4: Diefa4466 (€2.39 in chips) 
Seat 5: raptureman1 (€6.39 in chips) 
Seat 6: juanlu2000china (€1.11 in chips) 
pipinoelbreve9: posts small blind €0.01
odace15: posts big blind €0.02
*** HOLE CARDS ***
Dealt to pipinoelbreve9 [8c 3s]
Diefa4466: folds 
raptureman1 has timed out
raptureman1: folds 
juanlu2000china: folds 
candarias: folds 
pipinoelbreve9: folds 
Uncalled bet (€0.01) returned to odace15
odace15 collected €0.02 from pot
odace15: doesn't show hand 
*** SUMMARY ***
Total pot €0.02 | Rake €0 
Seat 1: candarias (button) folded before Flop (didn't bet)
Seat 2: pipinoelbreve9 (small blind) folded before Flop
Seat 3: odace15 (big blind) collected (€0.02)
Seat 4: Diefa4466 folded before Flop (didn't bet)
Seat 5: raptureman1 folded before Flop (didn't bet)
Seat 6: juanlu2000china folded before Flop (didn't bet)



PokerStars Zoom Hand #257556424274:  Hold'em No Limit (€0.01/€0.02) - 2025/08/31 15:34:48 CET [2025/08/31 9:34:48 ET]
Table 'Arneb' 6-max Seat #1 is the button
Seat 1: DarkSidious666 (€4.89 in chips) 
Seat 2: dday14540 (€2.18 in chips) 
Seat 3: pipinoelbreve9 (€2.50 in chips) 
Seat 4: ehbraga (€0.91 in chips) 
Seat 5: Lucian Morel (€1.97 in chips) 
Seat 6: nac_nac965 (€0.88 in chips) 
dday14540: posts small blind €0.01
pipinoelbreve9: posts big blind €0.02
*** HOLE CARDS ***
Dealt to pipinoelbreve9 [4h 7d]
ehbraga: folds 
Lucian Morel: raises €0.03 to €0.05
nac_nac965: folds 
DarkSidious666: folds 
dday14540: calls €0.04
pipinoelbreve9: folds 
*** FLOP *** [9h 4d 7c]
dday14540: bets €0.11
Lucian Morel: calls €0.11
*** TURN *** [9h 4d 7c] [8h]
dday14540: checks 
Lucian Morel: bets €0.16
dday14540: folds 
Uncalled bet (€0.16) returned to Lucian Morel
Lucian Morel collected €0.32 from pot
Lucian Morel: doesn't show hand 
*** SUMMARY ***
Total pot €0.34 | Rake €0.02 
Board [9h 4d 7c 8h]
Seat 1: DarkSidious666 (button) folded before Flop (didn't bet)
Seat 2: dday14540 (small blind) folded on the Turn
Seat 3: pipinoelbreve9 (big blind) folded before Flop
Seat 4: ehbraga folded before Flop (didn't bet)
Seat 5: Lucian Morel collected (€0.32)
Seat 6: nac_nac965 folded before Flop (didn't bet)



PokerStars Zoom Hand #257556429801:  Hold'em No Limit (€0.01/€0.02) - 2025/08/31 15:35:21 CET [2025/08/31 9:35:21 ET]
Table 'Arneb' 6-max Seat #1 is the button
Seat 1: pipinoelbreve9 (€2.47 in chips) 
Seat 2: raptureman1 (€6.39 in chips) 
Seat 3: Abrelatas787 (€2 in chips) 
Seat 4: Sanpetas (€2.44 in chips) 
Seat 5: ZixZ596 (€0.76 in chips) 
Seat 6: koka1151 (€2 in chips) 
raptureman1: posts small blind €0.01
Abrelatas787: posts big blind €0.02
*** HOLE CARDS ***
Dealt to pipinoelbreve9 [Js 9s]
Sanpetas: folds 
ZixZ596: folds 
koka1151: folds 
pipinoelbreve9: raises €0.04 to €0.06
raptureman1: folds 
Abrelatas787: folds 
Uncalled bet (€0.04) returned to pipinoelbreve9
pipinoelbreve9 collected €0.05 from pot
pipinoelbreve9: doesn't show hand 
*** SUMMARY ***
Total pot €0.05 | Rake €0 
Seat 1: pipinoelbreve9 (button) collected (€0.05)
Seat 2: raptureman1 (small blind) folded before Flop
Seat 3: Abrelatas787 (big blind) folded before Flop
Seat 4: Sanpetas folded before Flop (didn't bet)
Seat 5: ZixZ596 folded before Flop (didn't bet)
Seat 6: koka1151 folded before Flop (didn't bet)



PokerStars Zoom Hand #257556431957:  Hold'em No Limit (€0.01/€0.02) - 2025/08/31 15:35:34 CET [2025/08/31 9:35:34 ET]
Table 'Arneb' 6-max Seat #1 is the button
Seat 1: raptureman1 (€6.38 in chips) 
Seat 2: RichyPozo (€4.14 in chips) 
Seat 3: Mikange690 (€3.11 in chips) 
Seat 4: candarias (€1.34 in chips) 
Seat 5: pipinoelbreve9 (€2.50 in chips) 
Seat 6: odace15 (€4.76 in chips) 
RichyPozo: posts small blind €0.01
Mikange690: posts big blind €0.02
*** HOLE CARDS ***
Dealt to pipinoelbreve9 [Th Kd]
candarias: folds 
pipinoelbreve9: raises €0.04 to €0.06
odace15: folds 
raptureman1: folds 
RichyPozo: folds 
Mikange690: folds 
Uncalled bet (€0.04) returned to pipinoelbreve9
pipinoelbreve9 collected €0.05 from pot
pipinoelbreve9: doesn't show hand 
*** SUMMARY ***
Total pot €0.05 | Rake €0 
Seat 1: raptureman1 (button) folded before Flop (didn't bet)
Seat 2: RichyPozo (small blind) folded before Flop
Seat 3: Mikange690 (big blind) folded before Flop
Seat 4: candarias folded before Flop (didn't bet)
Seat 5: pipinoelbreve9 collected (€0.05)
Seat 6: odace15 folded before Flop (didn't bet)



PokerStars Zoom Hand #257556428228:  Hold'em No Limit (€0.01/€0.02) - 2025/08/31 15:35:12 CET [2025/08/31 9:35:12 ET]
Table 'Arneb' 6-max Seat #1 is the button
Seat 1: poteaarte (€2.70 in chips) 
Seat 2: DarkSidious666 (€2.14 in chips) 
Seat 3: migueldep10 (€2.13 in chips) 
Seat 4: pipinoelbreve9 (€2.47 in chips) 
Seat 5: DavSnook (€1.58 in chips) 
Seat 6: MiguelMJ96 (€1.29 in chips) 
DarkSidious666: posts small blind €0.01
migueldep10: posts big blind €0.02
*** HOLE CARDS ***
Dealt to pipinoelbreve9 [Ac 4d]
pipinoelbreve9: folds 
DavSnook: folds 
MiguelMJ96: calls €0.02
poteaarte: folds 
DarkSidious666: folds 
migueldep10: checks 
*** FLOP *** [9s 7h Kc]
migueldep10: bets €0.03
MiguelMJ96: calls €0.03
*** TURN *** [9s 7h Kc] [Ts]
migueldep10: checks 
MiguelMJ96: bets €0.04
migueldep10: calls €0.04
*** RIVER *** [9s 7h Kc Ts] [6d]
migueldep10: checks 
MiguelMJ96: bets €0.12
migueldep10: folds 
Uncalled bet (€0.12) returned to MiguelMJ96
MiguelMJ96 collected €0.18 from pot
MiguelMJ96: doesn't show hand 
*** SUMMARY ***
Total pot €0.19 | Rake €0.01 
Board [9s 7h Kc Ts 6d]
Seat 1: poteaarte (button) folded before Flop (didn't bet)
Seat 2: DarkSidious666 (small blind) folded before Flop
Seat 3: migueldep10 (big blind) folded on the River
Seat 4: pipinoelbreve9 folded before Flop (didn't bet)
Seat 5: DavSnook folded before Flop (didn't bet)
Seat 6: MiguelMJ96 collected (€0.18)



PokerStars Zoom Hand #257556434510:  Hold'em No Limit (€0.01/€0.02) - 2025/08/31 15:35:49 CET [2025/08/31 9:35:49 ET]
Table 'Arneb' 6-max Seat #1 is the button
Seat 1: DavSnook (€2.37 in chips) 
Seat 2: Mai SA135 (€1.33 in chips) 
Seat 3: pipinoelbreve9 (€2.53 in chips) 
Seat 4: serviettski(fr) (€2 in chips) 
Seat 5: osking118 (€1.10 in chips) 
Seat 6: juanlu2000china (€1.16 in chips) 
Mai SA135: posts small blind €0.01
pipinoelbreve9: posts big blind €0.02
*** HOLE CARDS ***
Dealt to pipinoelbreve9 [Qc Ad]
serviettski(fr): folds 
osking118: folds 
juanlu2000china: raises €0.02 to €0.04
DavSnook: folds 
Mai SA135: folds 
pipinoelbreve9: raises €0.10 to €0.14
juanlu2000china: raises €1.02 to €1.16 and is all-in
pipinoelbreve9: calls €1.02
*** FLOP *** [As 3d 9c]
*** TURN *** [As 3d 9c] [3c]
*** RIVER *** [As 3d 9c 3c] [8d]
*** SHOW DOWN ***
pipinoelbreve9: shows [Qc Ad] (two pair, Aces and Threes)
juanlu2000china: shows [Kc Ks] (two pair, Kings and Threes)
pipinoelbreve9 collected €2.21 from pot
*** SUMMARY ***
Total pot €2.33 | Rake €0.12 
Board [As 3d 9c 3c 8d]
Seat 1: DavSnook (button) folded before Flop (didn't bet)
Seat 2: Mai SA135 (small blind) folded before Flop
Seat 3: pipinoelbreve9 (big blind) showed [Qc Ad] and won (€2.21) with two pair, Aces and Threes
Seat 4: serviettski(fr) folded before Flop (didn't bet)
Seat 5: osking118 folded before Flop (didn't bet)
Seat 6: juanlu2000china showed [Kc Ks] and lost with two pair, Kings and Threes



PokerStars Zoom Hand #257556439127:  Hold'em No Limit (€0.01/€0.02) - 2025/08/31 15:36:17 CET [2025/08/31 9:36:17 ET]
Table 'Arneb' 6-max Seat #1 is the button
Seat 1: serviettski(fr) (€2.30 in chips) 
Seat 2: DarkSidious666 (€2.11 in chips) 
Seat 3: poteaarte (€2.14 in chips) 
Seat 4: DavSnook (€2.58 in chips) 
Seat 5: MagicGitox (€2.25 in chips) 
Seat 6: pipinoelbreve9 (€3.58 in chips) 
DarkSidious666: posts small blind €0.01
poteaarte: posts big blind €0.02
*** HOLE CARDS ***
Dealt to pipinoelbreve9 [7s Kd]
DavSnook: raises €0.05 to €0.07
MagicGitox: folds 
pipinoelbreve9: folds 
serviettski(fr): folds 
DarkSidious666: folds 
poteaarte: folds 
Uncalled bet (€0.05) returned to DavSnook
DavSnook collected €0.05 from pot
DavSnook: doesn't show hand 
*** SUMMARY ***
Total pot €0.05 | Rake €0 
Seat 1: serviettski(fr) (button) folded before Flop (didn't bet)
Seat 2: DarkSidious666 (small blind) folded before Flop
Seat 3: poteaarte (big blind) folded before Flop
Seat 4: DavSnook collected (€0.05)
Seat 5: MagicGitox folded before Flop (didn't bet)
Seat 6: pipinoelbreve9 folded before Flop (didn't bet)



PokerStars Zoom Hand #257556441065:  Hold'em No Limit (€0.01/€0.02) - 2025/08/31 15:36:29 CET [2025/08/31 9:36:29 ET]
Table 'Arneb' 6-max Seat #1 is the button
Seat 1: pipinoelbreve9 (€3.57 in chips) 
Seat 2: davidelgnomo747 (€0.43 in chips) 
Seat 3: DavSnook (€0.62 in chips) 
Seat 4: Sanpetas (€2.41 in chips) 
Seat 5: ehbraga (€0.72 in chips) 
Seat 6: GamerVidal (€3.60 in chips) 
davidelgnomo747: posts small blind €0.01
DavSnook: posts big blind €0.02
*** HOLE CARDS ***
Dealt to pipinoelbreve9 [4h 6h]
Sanpetas: folds 
ehbraga: folds 
GamerVidal: folds 
pipinoelbreve9: raises €0.04 to €0.06
davidelgnomo747: folds 
DavSnook: folds 
Uncalled bet (€0.04) returned to pipinoelbreve9
pipinoelbreve9 collected €0.05 from pot
pipinoelbreve9: doesn't show hand 
*** SUMMARY ***
Total pot €0.05 | Rake €0 
Seat 1: pipinoelbreve9 (button) collected (€0.05)
Seat 2: davidelgnomo747 (small blind) folded before Flop
Seat 3: DavSnook (big blind) folded before Flop
Seat 4: Sanpetas folded before Flop (didn't bet)
Seat 5: ehbraga folded before Flop (didn't bet)
Seat 6: GamerVidal folded before Flop (didn't bet)



PokerStars Zoom Hand #257556440463:  Hold'em No Limit (€0.01/€0.02) - 2025/08/31 15:36:25 CET [2025/08/31 9:36:25 ET]
Table 'Arneb' 6-max Seat #1 is the button
Seat 1: juanktyga (€2 in chips) 
Seat 2: pipinoelbreve9 (€3.58 in chips) 
Seat 3: gustcap98 (€1.51 in chips) 
Seat 4: GamerVidal (€3.60 in chips) 
Seat 5: Jah2U (€0.54 in chips) 
Seat 6: ehbraga (€0.72 in chips) 
pipinoelbreve9: posts small blind €0.01
gustcap98: posts big blind €0.02
*** HOLE CARDS ***
Dealt to pipinoelbreve9 [5d 3s]
GamerVidal: folds 
Jah2U: raises €0.02 to €0.04
ehbraga: folds 
juanktyga: calls €0.04
pipinoelbreve9: folds 
gustcap98: folds 
*** FLOP *** [8c Kd 8s]
Jah2U: checks 
juanktyga: bets €0.04
Jah2U: calls €0.04
*** TURN *** [8c Kd 8s] [Ad]
Jah2U: checks 
juanktyga: bets €0.10
Jah2U: raises €0.10 to €0.20
juanktyga: calls €0.10
*** RIVER *** [8c Kd 8s Ad] [Qh]
Jah2U: bets €0.26 and is all-in
juanktyga: calls €0.26
*** SHOW DOWN ***
Jah2U: shows [Ac 9h] (two pair, Aces and Eights)
juanktyga: shows [Th Ah] (two pair, Aces and Eights)
Jah2U collected €0.53 from pot
juanktyga collected €0.52 from pot
*** SUMMARY ***
Total pot €1.11 | Rake €0.06 
Board [8c Kd 8s Ad Qh]
Seat 1: juanktyga (button) showed [Th Ah] and won (€0.52) with two pair, Aces and Eights
Seat 2: pipinoelbreve9 (small blind) folded before Flop
Seat 3: gustcap98 (big blind) folded before Flop
Seat 4: GamerVidal folded before Flop (didn't bet)
Seat 5: Jah2U showed [Ac 9h] and won (€0.53) with two pair, Aces and Eights
Seat 6: ehbraga folded before Flop (didn't bet)



PokerStars Zoom Hand #257556444216:  Hold'em No Limit (€0.01/€0.02) - 2025/08/31 15:36:47 CET [2025/08/31 9:36:47 ET]
Table 'Arneb' 6-max Seat #1 is the button
Seat 1: koka1151 (€2.03 in chips) 
Seat 2: DarkSidious666 (€3.56 in chips) 
Seat 3: cruass (€2.93 in chips) 
Seat 4: pipinoelbreve9 (€3.60 in chips) 
Seat 5: MiguelMJ96 (€1.38 in chips) 
Seat 6: davidelgnomo747 (€0.42 in chips) 
DarkSidious666: posts small blind €0.01
cruass: posts big blind €0.02
*** HOLE CARDS ***
Dealt to pipinoelbreve9 [9s 5c]
pipinoelbreve9: folds 
MiguelMJ96: raises €0.02 to €0.04
davidelgnomo747: folds 
koka1151: folds 
DarkSidious666: folds 
cruass: folds 
Uncalled bet (€0.02) returned to MiguelMJ96
MiguelMJ96 collected €0.05 from pot
MiguelMJ96: doesn't show hand 
*** SUMMARY ***
Total pot €0.05 | Rake €0 
Seat 1: koka1151 (button) folded before Flop (didn't bet)
Seat 2: DarkSidious666 (small blind) folded before Flop
Seat 3: cruass (big blind) folded before Flop
Seat 4: pipinoelbreve9 folded before Flop (didn't bet)
Seat 5: MiguelMJ96 collected (€0.05)
Seat 6: davidelgnomo747 folded before Flop (didn't bet)



PokerStars Zoom Hand #257556443703:  Hold'em No Limit (€0.01/€0.02) - 2025/08/31 15:36:44 CET [2025/08/31 9:36:44 ET]
Table 'Arneb' 6-max Seat #1 is the button
Seat 1: POUPIOU65 (€3.10 in chips) 
Seat 2: serviettski(fr) (€2 in chips) 
Seat 3: TIOGUY7 (€0.87 in chips) 
Seat 4: candarias (€0.81 in chips) 
Seat 5: pipinoelbreve9 (€3.60 in chips) 
Seat 6: gustcap98 (€1.48 in chips) 
serviettski(fr): posts small blind €0.01
TIOGUY7: posts big blind €0.02
*** HOLE CARDS ***
Dealt to pipinoelbreve9 [6s 9s]
candarias: folds 
pipinoelbreve9: folds 
gustcap98: folds 
POUPIOU65: raises €0.02 to €0.04
serviettski(fr): folds 
TIOGUY7: folds 
Uncalled bet (€0.02) returned to POUPIOU65
POUPIOU65 collected €0.05 from pot
POUPIOU65: doesn't show hand 
*** SUMMARY ***
Total pot €0.05 | Rake €0 
Seat 1: POUPIOU65 (button) collected (€0.05)
Seat 2: serviettski(fr) (small blind) folded before Flop
Seat 3: TIOGUY7 (big blind) folded before Flop
Seat 4: candarias folded before Flop (didn't bet)
Seat 5: pipinoelbreve9 folded before Flop (didn't bet)
Seat 6: gustcap98 folded before Flop (didn't bet)



PokerStars Zoom Hand #257556445328:  Hold'em No Limit (€0.01/€0.02) - 2025/08/31 15:36:54 CET [2025/08/31 9:36:54 ET]
Table 'Arneb' 6-max Seat #1 is the button
Seat 1: candarias (€0.81 in chips) 
Seat 2: choro244 (€3.65 in chips) 
Seat 3: 34pluto (€1.44 in chips) 
Seat 4: davidelgnomo747 (€0.42 in chips) 
Seat 5: osking118 (€1.05 in chips) 
Seat 6: pipinoelbreve9 (€3.60 in chips) 
choro244: posts small blind €0.01
34pluto: posts big blind €0.02
*** HOLE CARDS ***
Dealt to pipinoelbreve9 [Ad Tc]
davidelgnomo747: raises €0.02 to €0.04
osking118: folds 
pipinoelbreve9: raises €0.10 to €0.14
candarias: folds 
choro244: folds 
34pluto: folds 
davidelgnomo747: calls €0.10
*** FLOP *** [4d 9s Qh]
davidelgnomo747: checks 
pipinoelbreve9: checks 
*** TURN *** [4d 9s Qh] [Td]
davidelgnomo747: bets €0.28 and is all-in
pipinoelbreve9: calls €0.28
*** RIVER *** [4d 9s Qh Td] [2s]
*** SHOW DOWN ***
davidelgnomo747: shows [9d Qd] (two pair, Queens and Nines)
pipinoelbreve9: shows [Ad Tc] (a pair of Tens)
davidelgnomo747 collected €0.83 from pot
*** SUMMARY ***
Total pot €0.87 | Rake €0.04 
Board [4d 9s Qh Td 2s]
Seat 1: candarias (button) folded before Flop (didn't bet)
Seat 2: choro244 (small blind) folded before Flop
Seat 3: 34pluto (big blind) folded before Flop
Seat 4: davidelgnomo747 showed [9d Qd] and won (€0.83) with two pair, Queens and Nines
Seat 5: osking118 folded before Flop (didn't bet)
Seat 6: pipinoelbreve9 showed [Ad Tc] and lost with a pair of Tens



PokerStars Zoom Hand #257556450078:  Hold'em No Limit (€0.01/€0.02) - 2025/08/31 15:37:23 CET [2025/08/31 9:37:23 ET]
Table 'Arneb' 6-max Seat #1 is the button
Seat 1: 34pluto (€1.85 in chips) 
Seat 2: gin_213 (€1.86 in chips) 
Seat 3: pipinoelbreve9 (€3.18 in chips) 
Seat 4: DarkSidious666 (€2.07 in chips) 
Seat 5: migueldep10 (€2.43 in chips) 
Seat 6: DavSnook (€0.58 in chips) 
gin_213: posts small blind €0.01
pipinoelbreve9: posts big blind €0.02
*** HOLE CARDS ***
Dealt to pipinoelbreve9 [Ad Tc]
DarkSidious666: raises €0.04 to €0.06
migueldep10: folds 
DavSnook: folds 
34pluto: folds 
gin_213: folds 
pipinoelbreve9: calls €0.04
*** FLOP *** [Ks 5d 9d]
pipinoelbreve9: checks 
DarkSidious666: bets €0.08
pipinoelbreve9: folds 
Uncalled bet (€0.08) returned to DarkSidious666
DarkSidious666 collected €0.12 from pot
DarkSidious666: doesn't show hand 
*** SUMMARY ***
Total pot €0.13 | Rake €0.01 
Board [Ks 5d 9d]
Seat 1: 34pluto (button) folded before Flop (didn't bet)
Seat 2: gin_213 (small blind) folded before Flop
Seat 3: pipinoelbreve9 (big blind) folded on the Flop
Seat 4: DarkSidious666 collected (€0.12)
Seat 5: migueldep10 folded before Flop (didn't bet)
Seat 6: DavSnook folded before Flop (didn't bet)



PokerStars Zoom Hand #257556453971:  Hold'em No Limit (€0.01/€0.02) - 2025/08/31 15:37:46 CET [2025/08/31 9:37:46 ET]
Table 'Arneb' 6-max Seat #1 is the button
Seat 1: juanktyga (€2 in chips) 
Seat 2: eric stl 196 (€2.93 in chips) 
Seat 3: janjos69 (€2 in chips) 
Seat 4: pipinoelbreve9 (€3.12 in chips) 
Seat 5: DarkSidious666 (€8.37 in chips) 
Seat 6: DavSnook (€1.58 in chips) 
eric stl 196: posts small blind €0.01
janjos69: posts big blind €0.02
*** HOLE CARDS ***
Dealt to pipinoelbreve9 [Ah Ts]
pipinoelbreve9: raises €0.04 to €0.06
DarkSidious666: folds 
DavSnook: folds 
juanktyga: folds 
eric stl 196: folds 
janjos69: calls €0.04
*** FLOP *** [Kd 2c 8c]
janjos69: checks 
pipinoelbreve9: checks 
*** TURN *** [Kd 2c 8c] [Jc]
janjos69: checks 
pipinoelbreve9: checks 
*** RIVER *** [Kd 2c 8c Jc] [3s]
janjos69: bets €0.06
pipinoelbreve9: calls €0.06
*** SHOW DOWN ***
janjos69: shows [Kh 7c] (a pair of Kings)
pipinoelbreve9: mucks hand 
janjos69 collected €0.24 from pot
*** SUMMARY ***
Total pot €0.25 | Rake €0.01 
Board [Kd 2c 8c Jc 3s]
Seat 1: juanktyga (button) folded before Flop (didn't bet)
Seat 2: eric stl 196 (small blind) folded before Flop
Seat 3: janjos69 (big blind) showed [Kh 7c] and won (€0.24) with a pair of Kings
Seat 4: pipinoelbreve9 mucked [Ah Ts]
Seat 5: DarkSidious666 folded before Flop (didn't bet)
Seat 6: DavSnook folded before Flop (didn't bet)



PokerStars Zoom Hand #257556459634:  Hold'em No Limit (€0.01/€0.02) - 2025/08/31 15:38:21 CET [2025/08/31 9:38:21 ET]
Table 'Arneb' 6-max Seat #1 is the button
Seat 1: odace15 (€4.08 in chips) 
Seat 2: pipinoelbreve9 (€3 in chips) 
Seat 3: wilbor123 (€1.90 in chips) 
Seat 4: DarkSidious666 (€3.59 in chips) 
Seat 5: davidelgnomo747 (€2.52 in chips) 
Seat 6: choro244 (€3.58 in chips) 
pipinoelbreve9: posts small blind €0.01
wilbor123: posts big blind €0.02
*** HOLE CARDS ***
Dealt to pipinoelbreve9 [Qs Kc]
DarkSidious666: folds 
davidelgnomo747: raises €0.04 to €0.06
choro244: folds 
odace15: folds 
pipinoelbreve9: raises €0.12 to €0.18
wilbor123: folds 
davidelgnomo747: raises €0.34 to €0.52
pipinoelbreve9: raises €0.34 to €0.86
davidelgnomo747: raises €1.66 to €2.52 and is all-in
pipinoelbreve9: folds 
Uncalled bet (€1.66) returned to davidelgnomo747
davidelgnomo747 collected €1.74 from pot
davidelgnomo747: doesn't show hand 
*** SUMMARY ***
Total pot €1.74 | Rake €0 
Seat 1: odace15 (button) folded before Flop (didn't bet)
Seat 2: pipinoelbreve9 (small blind) folded before Flop
Seat 3: wilbor123 (big blind) folded before Flop
Seat 4: DarkSidious666 folded before Flop (didn't bet)
Seat 5: davidelgnomo747 collected (€1.74)
Seat 6: choro244 folded before Flop (didn't bet)



PokerStars Zoom Hand #257556465927:  Hold'em No Limit (€0.01/€0.02) - 2025/08/31 15:39:00 CET [2025/08/31 9:39:00 ET]
Table 'Arneb' 6-max Seat #1 is the button
Seat 1: pipinoelbreve9 (€2.14 in chips) 
Seat 2: wilbor123 (€1.86 in chips) 
Seat 3: ehbraga (€0.84 in chips) 
Seat 4: oriollucena (€5.24 in chips) 
Seat 5: poteaarte (€2.21 in chips) 
Seat 6: serviettski(fr) (€3.70 in chips) 
wilbor123: posts small blind €0.01
ehbraga: posts big blind €0.02
*** HOLE CARDS ***
Dealt to pipinoelbreve9 [As 3h]
oriollucena: raises €0.02 to €0.04
poteaarte: folds 
serviettski(fr): folds 
pipinoelbreve9: folds 
wilbor123: folds 
ehbraga: folds 
Uncalled bet (€0.02) returned to oriollucena
oriollucena collected €0.05 from pot
oriollucena: doesn't show hand 
*** SUMMARY ***
Total pot €0.05 | Rake €0 
Seat 1: pipinoelbreve9 (button) folded before Flop (didn't bet)
Seat 2: wilbor123 (small blind) folded before Flop
Seat 3: ehbraga (big blind) folded before Flop
Seat 4: oriollucena collected (€0.05)
Seat 5: poteaarte folded before Flop (didn't bet)
Seat 6: serviettski(fr) folded before Flop (didn't bet)



PokerStars Zoom Hand #257556468298:  Hold'em No Limit (€0.01/€0.02) - 2025/08/31 15:39:15 CET [2025/08/31 9:39:15 ET]
Table 'Arneb' 6-max Seat #1 is the button
Seat 1: juanktyga (€2.03 in chips) 
Seat 2: DavSnook (€2.63 in chips) 
Seat 3: gustcap98 (€1.67 in chips) 
Seat 4: pipinoelbreve9 (€2.14 in chips) 
Seat 5: ratomi (€0.85 in chips) 
Seat 6: GamerVidal (€3.73 in chips) 
DavSnook: posts small blind €0.01
gustcap98: posts big blind €0.02
*** HOLE CARDS ***
Dealt to pipinoelbreve9 [7h 2d]
pipinoelbreve9: folds 
ratomi: folds 
GamerVidal: folds 
juanktyga: folds 
DavSnook: raises €0.04 to €0.06
gustcap98: folds 
Uncalled bet (€0.04) returned to DavSnook
DavSnook collected €0.04 from pot
DavSnook: doesn't show hand 
*** SUMMARY ***
Total pot €0.04 | Rake €0 
Seat 1: juanktyga (button) folded before Flop (didn't bet)
Seat 2: DavSnook (small blind) collected (€0.04)
Seat 3: gustcap98 (big blind) folded before Flop
Seat 4: pipinoelbreve9 folded before Flop (didn't bet)
Seat 5: ratomi folded before Flop (didn't bet)
Seat 6: GamerVidal folded before Flop (didn't bet)



PokerStars Zoom Hand #257556469560:  Hold'em No Limit (€0.01/€0.02) - 2025/08/31 15:39:22 CET [2025/08/31 9:39:22 ET]
Table 'Arneb' 6-max Seat #1 is the button
Seat 1: 34pluto (€0.95 in chips) 
Seat 2: serviettski(fr) (€3.70 in chips) 
Seat 3: kikoes83 (€1.46 in chips) 
Seat 4: MagicGitox (€2.25 in chips) 
Seat 5: raptureman1 (€6.25 in chips) 
Seat 6: pipinoelbreve9 (€2.14 in chips) 
serviettski(fr): posts small blind €0.01
kikoes83: posts big blind €0.02
*** HOLE CARDS ***
Dealt to pipinoelbreve9 [8s 7s]
MagicGitox: folds 
raptureman1: folds 
pipinoelbreve9: raises €0.04 to €0.06
34pluto: folds 
serviettski(fr): folds 
kikoes83: calls €0.04
*** FLOP *** [Kh Tc 5c]
kikoes83: checks 
pipinoelbreve9: checks 
*** TURN *** [Kh Tc 5c] [9h]
kikoes83: bets €0.06
pipinoelbreve9: calls €0.06
*** RIVER *** [Kh Tc 5c 9h] [7h]
kikoes83: bets €0.12
pipinoelbreve9: calls €0.12
*** SHOW DOWN ***
kikoes83: shows [Td 8d] (a pair of Tens)
pipinoelbreve9: mucks hand 
kikoes83 collected €0.47 from pot
*** SUMMARY ***
Total pot €0.49 | Rake €0.02 
Board [Kh Tc 5c 9h 7h]
Seat 1: 34pluto (button) folded before Flop (didn't bet)
Seat 2: serviettski(fr) (small blind) folded before Flop
Seat 3: kikoes83 (big blind) showed [Td 8d] and won (€0.47) with a pair of Tens
Seat 4: MagicGitox folded before Flop (didn't bet)
Seat 5: raptureman1 folded before Flop (didn't bet)
Seat 6: pipinoelbreve9 mucked [8s 7s]



PokerStars Zoom Hand #257556476828:  Hold'em No Limit (€0.01/€0.02) - 2025/08/31 15:40:07 CET [2025/08/31 9:40:07 ET]
Table 'Arneb' 6-max Seat #1 is the button
Seat 1: Mai SA135 (€1.96 in chips) 
Seat 2: kikoes83 (€1.69 in chips) 
Seat 3: Sanpetas (€2.61 in chips) 
Seat 4: RichyPozo (€2.05 in chips) 
Seat 5: pipinoelbreve9 (€2 in chips) 
Seat 6: davidelgnomo747 (€1 in chips) 
kikoes83: posts small blind €0.01
Sanpetas: posts big blind €0.02
*** HOLE CARDS ***
Dealt to pipinoelbreve9 [Ts 6c]
RichyPozo: raises €0.04 to €0.06
pipinoelbreve9: folds 
davidelgnomo747: calls €0.06
Mai SA135: calls €0.06
kikoes83: folds 
Sanpetas: folds 
*** FLOP *** [Td Qh Qc]
RichyPozo: checks 
davidelgnomo747: checks 
Mai SA135: checks 
*** TURN *** [Td Qh Qc] [3h]
RichyPozo: checks 
davidelgnomo747: bets €0.10
Mai SA135: folds 
RichyPozo: calls €0.10
*** RIVER *** [Td Qh Qc 3h] [9h]
RichyPozo: bets €0.34
davidelgnomo747: calls €0.34
*** SHOW DOWN ***
RichyPozo: shows [Ah 6h] (a flush, Ace high)
davidelgnomo747: mucks hand 
RichyPozo collected €1.04 from pot
*** SUMMARY ***
Total pot €1.09 | Rake €0.05 
Board [Td Qh Qc 3h 9h]
Seat 1: Mai SA135 (button) folded on the Turn
Seat 2: kikoes83 (small blind) folded before Flop
Seat 3: Sanpetas (big blind) folded before Flop
Seat 4: RichyPozo showed [Ah 6h] and won (€1.04) with a flush, Ace high
Seat 5: pipinoelbreve9 folded before Flop (didn't bet)
Seat 6: davidelgnomo747 mucked [Kh Th]



PokerStars Zoom Hand #257557941231:  Hold'em No Limit (€0.01/€0.02) - 2025/08/31 17:50:51 CET [2025/08/31 11:50:51 ET]
Table 'Arneb' 6-max Seat #1 is the button
Seat 1: 1Drazi (€3.28 in chips) 
Seat 2: StarsFCP (€1.06 in chips) 
Seat 3: pipinoelbreve9 (€2 in chips) 
Seat 4: maximus_powah (€5.03 in chips) 
Seat 5: BestiaESP12 (€2.05 in chips) 
Seat 6: juanlu2000china (€1.38 in chips) 
StarsFCP: posts small blind €0.01
pipinoelbreve9: posts big blind €0.02
*** HOLE CARDS ***
Dealt to pipinoelbreve9 [3c 2s]
maximus_powah: folds 
BestiaESP12: folds 
juanlu2000china: folds 
1Drazi: folds 
StarsFCP: raises €0.02 to €0.04
pipinoelbreve9: folds 
Uncalled bet (€0.02) returned to StarsFCP
StarsFCP collected €0.04 from pot
StarsFCP: doesn't show hand 
*** SUMMARY ***
Total pot €0.04 | Rake €0 
Seat 1: 1Drazi (button) folded before Flop (didn't bet)
Seat 2: StarsFCP (small blind) collected (€0.04)
Seat 3: pipinoelbreve9 (big blind) folded before Flop
Seat 4: maximus_powah folded before Flop (didn't bet)
Seat 5: BestiaESP12 folded before Flop (didn't bet)
Seat 6: juanlu2000china folded before Flop (didn't bet)



PokerStars Zoom Hand #257557946481:  Hold'em No Limit (€0.01/€0.02) - 2025/08/31 17:51:15 CET [2025/08/31 11:51:15 ET]
Table 'Arneb' 6-max Seat #1 is the button
Seat 1: orosa (€2 in chips) 
Seat 2: pipinoelbreve9 (€2 in chips) 
Seat 3: AnxoGM (€2 in chips) 
Seat 4: marcosbalsaa (€3.30 in chips) 
Seat 5: koka1151 (€2.46 in chips) 
Seat 6: vayewis (€2.26 in chips) 
pipinoelbreve9: posts small blind €0.01
AnxoGM: posts big blind €0.02
*** HOLE CARDS ***
Dealt to pipinoelbreve9 [6c 5s]
marcosbalsaa: folds 
koka1151: folds 
vayewis: folds 
orosa: folds 
pipinoelbreve9: raises €0.04 to €0.06
AnxoGM: raises €0.12 to €0.18
pipinoelbreve9: folds 
Uncalled bet (€0.12) returned to AnxoGM
AnxoGM collected €0.12 from pot
AnxoGM: doesn't show hand 
*** SUMMARY ***
Total pot €0.12 | Rake €0 
Seat 1: orosa (button) folded before Flop (didn't bet)
Seat 2: pipinoelbreve9 (small blind) folded before Flop
Seat 3: AnxoGM (big blind) collected (€0.12)
Seat 4: marcosbalsaa folded before Flop (didn't bet)
Seat 5: koka1151 folded before Flop (didn't bet)
Seat 6: vayewis folded before Flop (didn't bet)



PokerStars Zoom Hand #257557945424:  Hold'em No Limit (€0.01/€0.02) - 2025/08/31 17:51:10 CET [2025/08/31 11:51:10 ET]
Table 'Arneb' 6-max Seat #1 is the button
Seat 1: rare12345 (€2 in chips) 
Seat 2: 1Drazi (€2 in chips) 
Seat 3: davidelgnomo747 (€1 in chips) 
Seat 4: orosa (€2 in chips) 
Seat 5: masquisiera (€1.03 in chips) 
Seat 6: pipinoelbreve9 (€2 in chips) 
1Drazi: posts small blind €0.01
davidelgnomo747: posts big blind €0.02
*** HOLE CARDS ***
Dealt to pipinoelbreve9 [7s 5h]
orosa: folds 
masquisiera: folds 
pipinoelbreve9: folds 
rare12345: folds 
1Drazi: raises €0.04 to €0.06
davidelgnomo747: calls €0.04
*** FLOP *** [Ac 2s 6d]
1Drazi: bets €0.04
davidelgnomo747: calls €0.04
*** TURN *** [Ac 2s 6d] [7c]
1Drazi: checks 
davidelgnomo747: bets €0.10
1Drazi: calls €0.10
*** RIVER *** [Ac 2s 6d 7c] [Js]
1Drazi: checks 
davidelgnomo747: checks 
*** SHOW DOWN ***
1Drazi: shows [Ad 4d] (a pair of Aces)
davidelgnomo747: shows [As 5s] (a pair of Aces)
1Drazi collected €0.19 from pot
davidelgnomo747 collected €0.19 from pot
*** SUMMARY ***
Total pot €0.40 | Rake €0.02 
Board [Ac 2s 6d 7c Js]
Seat 1: rare12345 (button) folded before Flop (didn't bet)
Seat 2: 1Drazi (small blind) showed [Ad 4d] and won (€0.19) with a pair of Aces
Seat 3: davidelgnomo747 (big blind) showed [As 5s] and won (€0.19) with a pair of Aces
Seat 4: orosa folded before Flop (didn't bet)
Seat 5: masquisiera folded before Flop (didn't bet)
Seat 6: pipinoelbreve9 folded before Flop (didn't bet)



PokerStars Zoom Hand #257557951231:  Hold'em No Limit (€0.01/€0.02) - 2025/08/31 17:51:36 CET [2025/08/31 11:51:36 ET]
Table 'Arneb' 6-max Seat #1 is the button
Seat 1: maximus_powah (€5.03 in chips) 
Seat 2: rare12345 (€2.03 in chips) 
Seat 3: eric stl 196 (€1.04 in chips) 
Seat 4: koka1151 (€2.12 in chips) 
Seat 5: pipinoelbreve9 (€2 in chips) 
Seat 6: cuenca10 (€1.87 in chips) 
rare12345: posts small blind €0.01
eric stl 196: posts big blind €0.02
*** HOLE CARDS ***
Dealt to pipinoelbreve9 [6s Ts]
koka1151: folds 
pipinoelbreve9: folds 
cuenca10: folds 
maximus_powah: raises €0.03 to €0.05
rare12345: folds 
eric stl 196: folds 
Uncalled bet (€0.03) returned to maximus_powah
maximus_powah collected €0.05 from pot
maximus_powah: doesn't show hand 
*** SUMMARY ***
Total pot €0.05 | Rake €0 
Seat 1: maximus_powah (button) collected (€0.05)
Seat 2: rare12345 (small blind) folded before Flop
Seat 3: eric stl 196 (big blind) folded before Flop
Seat 4: koka1151 folded before Flop (didn't bet)
Seat 5: pipinoelbreve9 folded before Flop (didn't bet)
Seat 6: cuenca10 folded before Flop (didn't bet)



PokerStars Zoom Hand #257557955914:  Hold'em No Limit (€0.01/€0.02) - 2025/08/31 17:51:57 CET [2025/08/31 11:51:57 ET]
Table 'Arneb' 6-max Seat #1 is the button
Seat 1: eric stl 196 (€1.01 in chips) 
Seat 2: rare12345 (€2 in chips) 
Seat 3: BestiaESP12 (€2 in chips) 
Seat 4: pisuleto (€2.68 in chips) 
Seat 5: KillVerlaine (€1.03 in chips) 
Seat 6: pipinoelbreve9 (€2 in chips) 
rare12345: posts small blind €0.01
BestiaESP12: posts big blind €0.02
*** HOLE CARDS ***
Dealt to pipinoelbreve9 [Kc Jh]
pisuleto: folds 
KillVerlaine: folds 
pipinoelbreve9: raises €0.04 to €0.06
eric stl 196: folds 
rare12345: folds 
BestiaESP12: raises €0.12 to €0.18
pipinoelbreve9: calls €0.12
*** FLOP *** [Td 8c 3c]
BestiaESP12: checks 
pipinoelbreve9: checks 
*** TURN *** [Td 8c 3c] [Kh]
BestiaESP12: checks 
pipinoelbreve9: bets €0.18
BestiaESP12: calls €0.18
*** RIVER *** [Td 8c 3c Kh] [7c]
BestiaESP12: checks 
pipinoelbreve9: checks 
*** SHOW DOWN ***
BestiaESP12: shows [As Ah] (a pair of Aces)
pipinoelbreve9: mucks hand 
BestiaESP12 collected €0.69 from pot
*** SUMMARY ***
Total pot €0.73 | Rake €0.04 
Board [Td 8c 3c Kh 7c]
Seat 1: eric stl 196 (button) folded before Flop (didn't bet)
Seat 2: rare12345 (small blind) folded before Flop
Seat 3: BestiaESP12 (big blind) showed [As Ah] and won (€0.69) with a pair of Aces
Seat 4: pisuleto folded before Flop (didn't bet)
Seat 5: KillVerlaine folded before Flop (didn't bet)
Seat 6: pipinoelbreve9 mucked [Kc Jh]



PokerStars Zoom Hand #257557954107:  Hold'em No Limit (€0.01/€0.02) - 2025/08/31 17:51:49 CET [2025/08/31 11:51:49 ET]
Table 'Arneb' 6-max Seat #1 is the button
Seat 1: pipinoelbreve9 (€2 in chips) 
Seat 2: 1Drazi (€2.17 in chips) 
Seat 3: Lambda9134 (€3.73 in chips) 
Seat 4: maximus_powah (€2.71 in chips) 
Seat 5: RaphaelBP07 (€1.86 in chips) 
Seat 6: PerParFr (€2 in chips) 
1Drazi: posts small blind €0.01
Lambda9134: posts big blind €0.02
*** HOLE CARDS ***
Dealt to pipinoelbreve9 [6h 9s]
maximus_powah: raises €0.04 to €0.06
RaphaelBP07: folds 
PerParFr: folds 
pipinoelbreve9: folds 
1Drazi: folds 
Lambda9134: calls €0.04
*** FLOP *** [3c 2s Kd]
Lambda9134: checks 
maximus_powah: bets €0.09
Lambda9134: raises €0.09 to €0.18
maximus_powah: calls €0.09
*** TURN *** [3c 2s Kd] [4c]
Lambda9134: checks 
maximus_powah: checks 
*** RIVER *** [3c 2s Kd 4c] [Ac]
Lambda9134: bets €0.06
maximus_powah: calls €0.06
*** SHOW DOWN ***
Lambda9134: shows [3s Ah] (two pair, Aces and Threes)
maximus_powah: mucks hand 
Lambda9134 collected €0.58 from pot
*** SUMMARY ***
Total pot €0.61 | Rake €0.03 
Board [3c 2s Kd 4c Ac]
Seat 1: pipinoelbreve9 (button) folded before Flop (didn't bet)
Seat 2: 1Drazi (small blind) folded before Flop
Seat 3: Lambda9134 (big blind) showed [3s Ah] and won (€0.58) with two pair, Aces and Threes
Seat 4: maximus_powah mucked [Jh Kc]
Seat 5: RaphaelBP07 folded before Flop (didn't bet)
Seat 6: PerParFr folded before Flop (didn't bet)



PokerStars Zoom Hand #257557964982:  Hold'em No Limit (€0.01/€0.02) - 2025/08/31 17:52:38 CET [2025/08/31 11:52:38 ET]
Table 'Arneb' 6-max Seat #1 is the button
Seat 1: pipinoelbreve9 (€2 in chips) 
Seat 2: PerParFr (€2.32 in chips) 
Seat 3: 1Drazi (€2.15 in chips) 
Seat 4: thenry03 (€2.32 in chips) 
Seat 5: NEMOXYX (€4.04 in chips) 
Seat 6: koka1151 (€2.52 in chips) 
PerParFr: posts small blind €0.01
1Drazi: posts big blind €0.02
*** HOLE CARDS ***
Dealt to pipinoelbreve9 [Th Tc]
thenry03: folds 
NEMOXYX: folds 
koka1151: folds 
pipinoelbreve9: raises €0.04 to €0.06
PerParFr: folds 
1Drazi: folds 
Uncalled bet (€0.04) returned to pipinoelbreve9
pipinoelbreve9 collected €0.05 from pot
pipinoelbreve9: doesn't show hand 
*** SUMMARY ***
Total pot €0.05 | Rake €0 
Seat 1: pipinoelbreve9 (button) collected (€0.05)
Seat 2: PerParFr (small blind) folded before Flop
Seat 3: 1Drazi (big blind) folded before Flop
Seat 4: thenry03 folded before Flop (didn't bet)
Seat 5: NEMOXYX folded before Flop (didn't bet)
Seat 6: koka1151 folded before Flop (didn't bet)



PokerStars Zoom Hand #257557968858:  Hold'em No Limit (€0.01/€0.02) - 2025/08/31 17:52:55 CET [2025/08/31 11:52:55 ET]
Table 'Arneb' 6-max Seat #1 is the button
Seat 1: 1Drazi (€3.11 in chips) 
Seat 2: 34pluto (€1.98 in chips) 
Seat 3: pipinoelbreve9 (€2.03 in chips) 
Seat 4: rare12345 (€2.03 in chips) 
Seat 5: marcooliveira99 (€0.86 in chips) 
Seat 6: ZoasHein (€2.65 in chips) 
34pluto: posts small blind €0.01
pipinoelbreve9: posts big blind €0.02
*** HOLE CARDS ***
Dealt to pipinoelbreve9 [7c 4d]
rare12345: folds 
marcooliveira99: folds 
ZoasHein: folds 
1Drazi: folds 
34pluto: raises €0.02 to €0.04
pipinoelbreve9: folds 
Uncalled bet (€0.02) returned to 34pluto
34pluto collected €0.04 from pot
34pluto: doesn't show hand 
*** SUMMARY ***
Total pot €0.04 | Rake €0 
Seat 1: 1Drazi (button) folded before Flop (didn't bet)
Seat 2: 34pluto (small blind) collected (€0.04)
Seat 3: pipinoelbreve9 (big blind) folded before Flop
Seat 4: rare12345 folded before Flop (didn't bet)
Seat 5: marcooliveira99 folded before Flop (didn't bet)
Seat 6: ZoasHein folded before Flop (didn't bet)



PokerStars Zoom Hand #257557971032:  Hold'em No Limit (€0.01/€0.02) - 2025/08/31 17:53:05 CET [2025/08/31 11:53:05 ET]
Table 'Arneb' 6-max Seat #1 is the button
Seat 1: orosa (€2.10 in chips) 
Seat 2: pipinoelbreve9 (€2.01 in chips) 
Seat 3: juanlu2000china (€1.68 in chips) 
Seat 4: poteaarte (€3.01 in chips) 
Seat 5: llocant (€2.13 in chips) 
Seat 6: 1Drazi (€2.11 in chips) 
pipinoelbreve9: posts small blind €0.01
juanlu2000china: posts big blind €0.02
*** HOLE CARDS ***
Dealt to pipinoelbreve9 [7s 8c]
poteaarte: folds 
llocant: folds 
1Drazi: raises €0.04 to €0.06
orosa: folds 
pipinoelbreve9: folds 
juanlu2000china: folds 
Uncalled bet (€0.04) returned to 1Drazi
1Drazi collected €0.05 from pot
1Drazi: doesn't show hand 
*** SUMMARY ***
Total pot €0.05 | Rake €0 
Seat 1: orosa (button) folded before Flop (didn't bet)
Seat 2: pipinoelbreve9 (small blind) folded before Flop
Seat 3: juanlu2000china (big blind) folded before Flop
Seat 4: poteaarte folded before Flop (didn't bet)
Seat 5: llocant folded before Flop (didn't bet)
Seat 6: 1Drazi collected (€0.05)



PokerStars Zoom Hand #257557974619:  Hold'em No Limit (€0.01/€0.02) - 2025/08/31 17:53:22 CET [2025/08/31 11:53:22 ET]
Table 'Arneb' 6-max Seat #1 is the button
Seat 1: maximus_powah (€4.98 in chips) 
Seat 2: llocant (€2.13 in chips) 
Seat 3: gregoss054 (€3.62 in chips) 
Seat 4: NEMOXYX (€2.13 in chips) 
Seat 5: pipinoelbreve9 (€2 in chips) 
Seat 6: datkeire01 (€9.45 in chips) 
llocant: posts small blind €0.01
gregoss054: posts big blind €0.02
*** HOLE CARDS ***
Dealt to pipinoelbreve9 [Td 5c]
NEMOXYX: folds 
pipinoelbreve9: folds 
datkeire01: folds 
maximus_powah: raises €0.03 to €0.05
llocant: folds 
gregoss054: folds 
Uncalled bet (€0.03) returned to maximus_powah
maximus_powah collected €0.05 from pot
maximus_powah: doesn't show hand 
*** SUMMARY ***
Total pot €0.05 | Rake €0 
Seat 1: maximus_powah (button) collected (€0.05)
Seat 2: llocant (small blind) folded before Flop
Seat 3: gregoss054 (big blind) folded before Flop
Seat 4: NEMOXYX folded before Flop (didn't bet)
Seat 5: pipinoelbreve9 folded before Flop (didn't bet)
Seat 6: datkeire01 folded before Flop (didn't bet)



PokerStars Zoom Hand #257557976242:  Hold'em No Limit (€0.01/€0.02) - 2025/08/31 17:53:30 CET [2025/08/31 11:53:30 ET]
Table 'Arneb' 6-max Seat #1 is the button
Seat 1: marcooliveira99 (€0.86 in chips) 
Seat 2: datkeire01 (€9.45 in chips) 
Seat 3: dragonfly2467 (€2.37 in chips) 
Seat 4: 1Drazi (€2.14 in chips) 
Seat 5: pipinoelbreve9 (€2 in chips) 
Seat 6: poteaarte (€3 in chips) 
datkeire01: posts small blind €0.01
dragonfly2467: posts big blind €0.02
*** HOLE CARDS ***
Dealt to pipinoelbreve9 [3h Ks]
1Drazi: folds 
pipinoelbreve9: folds 
poteaarte: folds 
marcooliveira99: folds 
datkeire01: calls €0.01
dragonfly2467: checks 
*** FLOP *** [Jh Js 6h]
datkeire01: bets €0.02
dragonfly2467: folds 
Uncalled bet (€0.02) returned to datkeire01
datkeire01 collected €0.04 from pot
datkeire01: doesn't show hand 
*** SUMMARY ***
Total pot €0.04 | Rake €0 
Board [Jh Js 6h]
Seat 1: marcooliveira99 (button) folded before Flop (didn't bet)
Seat 2: datkeire01 (small blind) collected (€0.04)
Seat 3: dragonfly2467 (big blind) folded on the Flop
Seat 4: 1Drazi folded before Flop (didn't bet)
Seat 5: pipinoelbreve9 folded before Flop (didn't bet)
Seat 6: poteaarte folded before Flop (didn't bet)



PokerStars Zoom Hand #257557978042:  Hold'em No Limit (€0.01/€0.02) - 2025/08/31 17:53:38 CET [2025/08/31 11:53:38 ET]
Table 'Arneb' 6-max Seat #1 is the button
Seat 1: orosa (€2.59 in chips) 
Seat 2: 34pluto (€1.78 in chips) 
Seat 3: K4K1 (€1.15 in chips) 
Seat 4: pipinoelbreve9 (€2 in chips) 
Seat 5: Habixxt (€2.71 in chips) 
Seat 6: maximus_powah (€5.01 in chips) 
34pluto: posts small blind €0.01
K4K1: posts big blind €0.02
*** HOLE CARDS ***
Dealt to pipinoelbreve9 [2s Ks]
pipinoelbreve9: folds 
Habixxt: calls €0.02
maximus_powah: folds 
orosa: folds 
34pluto: folds 
K4K1: checks 
*** FLOP *** [Kh Jc 9d]
K4K1: checks 
Habixxt: checks 
*** TURN *** [Kh Jc 9d] [6h]
K4K1: bets €0.04
Habixxt: calls €0.04
*** RIVER *** [Kh Jc 9d 6h] [Th]
K4K1: bets €0.04
Habixxt: folds 
Uncalled bet (€0.04) returned to K4K1
K4K1 collected €0.12 from pot
K4K1: doesn't show hand 
*** SUMMARY ***
Total pot €0.13 | Rake €0.01 
Board [Kh Jc 9d 6h Th]
Seat 1: orosa (button) folded before Flop (didn't bet)
Seat 2: 34pluto (small blind) folded before Flop
Seat 3: K4K1 (big blind) collected (€0.12)
Seat 4: pipinoelbreve9 folded before Flop (didn't bet)
Seat 5: Habixxt folded on the River
Seat 6: maximus_powah folded before Flop (didn't bet)



PokerStars Zoom Hand #257557979232:  Hold'em No Limit (€0.01/€0.02) - 2025/08/31 17:53:44 CET [2025/08/31 11:53:44 ET]
Table 'Arneb' 6-max Seat #1 is the button
Seat 1: orosa (€2 in chips) 
Seat 2: thenry03 (€1.95 in chips) 
Seat 3: pipinoelbreve9 (€2 in chips) 
Seat 4: BestiaESP12 (€2.74 in chips) 
Seat 5: ZoasHein (€2.62 in chips) 
Seat 6: Gginer2812 (€1.60 in chips) 
thenry03: posts small blind €0.01
pipinoelbreve9: posts big blind €0.02
*** HOLE CARDS ***
Dealt to pipinoelbreve9 [5c 9c]
BestiaESP12: folds 
ZoasHein: raises €0.04 to €0.06
Gginer2812: calls €0.06
orosa: folds 
thenry03: folds 
pipinoelbreve9: folds 
*** FLOP *** [2c 8s Qc]
ZoasHein: bets €0.07
Gginer2812: calls €0.07
*** TURN *** [2c 8s Qc] [8c]
ZoasHein: checks 
Gginer2812: checks 
*** RIVER *** [2c 8s Qc 8c] [4s]
ZoasHein: bets €0.14
Gginer2812: calls €0.14
*** SHOW DOWN ***
ZoasHein: shows [Jc Kh] (a pair of Eights)
Gginer2812: shows [Qd As] (two pair, Queens and Eights)
Gginer2812 collected €0.54 from pot
*** SUMMARY ***
Total pot €0.57 | Rake €0.03 
Board [2c 8s Qc 8c 4s]
Seat 1: orosa (button) folded before Flop (didn't bet)
Seat 2: thenry03 (small blind) folded before Flop
Seat 3: pipinoelbreve9 (big blind) folded before Flop
Seat 4: BestiaESP12 folded before Flop (didn't bet)
Seat 5: ZoasHein showed [Jc Kh] and lost with a pair of Eights
Seat 6: Gginer2812 showed [Qd As] and won (€0.54) with two pair, Queens and Eights



PokerStars Zoom Hand #257557977186:  Hold'em No Limit (€0.01/€0.02) - 2025/08/31 17:53:34 CET [2025/08/31 11:53:34 ET]
Table 'Arneb' 6-max Seat #1 is the button
Seat 1: NotClaudio1 (€4.42 in chips) 
Seat 2: masquisiera (€1 in chips) 
Seat 3: 77samuel33 (€2.24 in chips) 
Seat 4: pipinoelbreve9 (€2 in chips) 
Seat 5: morganlee66 (€3.12 in chips) 
Seat 6: kingarmor (€2.47 in chips) 
masquisiera: posts small blind €0.01
77samuel33: posts big blind €0.02
*** HOLE CARDS ***
Dealt to pipinoelbreve9 [Kd 2h]
pipinoelbreve9: folds 
morganlee66: folds 
kingarmor: raises €0.03 to €0.05
NotClaudio1: calls €0.05
masquisiera: folds 
77samuel33: calls €0.03
*** FLOP *** [Td 3s 2d]
77samuel33: checks 
kingarmor: checks 
NotClaudio1: bets €0.07
77samuel33: calls €0.07
kingarmor: folds 
*** TURN *** [Td 3s 2d] [Jh]
77samuel33: checks 
NotClaudio1: bets €0.09
77samuel33: calls €0.09
*** RIVER *** [Td 3s 2d Jh] [6s]
77samuel33: checks 
NotClaudio1: bets €0.15
77samuel33: folds 
Uncalled bet (€0.15) returned to NotClaudio1
NotClaudio1 collected €0.46 from pot
NotClaudio1: doesn't show hand 
*** SUMMARY ***
Total pot €0.48 | Rake €0.02 
Board [Td 3s 2d Jh 6s]
Seat 1: NotClaudio1 (button) collected (€0.46)
Seat 2: masquisiera (small blind) folded before Flop
Seat 3: 77samuel33 (big blind) folded on the River
Seat 4: pipinoelbreve9 folded before Flop (didn't bet)
Seat 5: morganlee66 folded before Flop (didn't bet)
Seat 6: kingarmor folded on the Flop



PokerStars Zoom Hand #257557981550:  Hold'em No Limit (€0.01/€0.02) - 2025/08/31 17:53:54 CET [2025/08/31 11:53:54 ET]
Table 'Arneb' 6-max Seat #1 is the button
Seat 1: NEMOXYX (€2.07 in chips) 
Seat 2: pipinoelbreve9 (€2 in chips) 
Seat 3: MagicGitox (€2 in chips) 
Seat 4: maximus_powah (€2.38 in chips) 
Seat 5: 1Drazi (€3.20 in chips) 
Seat 6: thenry03 (€1.94 in chips) 
pipinoelbreve9: posts small blind €0.01
MagicGitox: posts big blind €0.02
*** HOLE CARDS ***
Dealt to pipinoelbreve9 [6d 5d]
maximus_powah: folds 
1Drazi: raises €0.04 to €0.06
thenry03: calls €0.06
NEMOXYX: folds 
pipinoelbreve9: raises €0.20 to €0.26
MagicGitox: folds 
1Drazi: folds 
thenry03: folds 
Uncalled bet (€0.20) returned to pipinoelbreve9
pipinoelbreve9 collected €0.20 from pot
pipinoelbreve9: doesn't show hand 
*** SUMMARY ***
Total pot €0.20 | Rake €0 
Seat 1: NEMOXYX (button) folded before Flop (didn't bet)
Seat 2: pipinoelbreve9 (small blind) collected (€0.20)
Seat 3: MagicGitox (big blind) folded before Flop
Seat 4: maximus_powah folded before Flop (didn't bet)
Seat 5: 1Drazi folded before Flop
Seat 6: thenry03 folded before Flop



PokerStars Zoom Hand #257557989616:  Hold'em No Limit (€0.01/€0.02) - 2025/08/31 17:54:30 CET [2025/08/31 11:54:30 ET]
Table 'Arneb' 6-max Seat #1 is the button
Seat 1: pipinoelbreve9 (€2.14 in chips) 
Seat 2: ehbraga (€0.98 in chips) 
Seat 3: josepoker195 (€1.28 in chips) 
Seat 4: 1Drazi (€3.14 in chips) 
Seat 5: morganlee66 (€3.09 in chips) 
Seat 6: RamsDios (€3.20 in chips) 
ehbraga: posts small blind €0.01
josepoker195: posts big blind €0.02
*** HOLE CARDS ***
Dealt to pipinoelbreve9 [3c 8c]
1Drazi: raises €0.04 to €0.06
morganlee66: folds 
RamsDios: folds 
pipinoelbreve9: folds 
ehbraga: folds 
josepoker195: folds 
Uncalled bet (€0.04) returned to 1Drazi
1Drazi collected €0.05 from pot
1Drazi: doesn't show hand 
*** SUMMARY ***
Total pot €0.05 | Rake €0 
Seat 1: pipinoelbreve9 (button) folded before Flop (didn't bet)
Seat 2: ehbraga (small blind) folded before Flop
Seat 3: josepoker195 (big blind) folded before Flop
Seat 4: 1Drazi collected (€0.05)
Seat 5: morganlee66 folded before Flop (didn't bet)
Seat 6: RamsDios folded before Flop (didn't bet)



PokerStars Zoom Hand #257557996409:  Hold'em No Limit (€0.01/€0.02) - 2025/08/31 17:55:01 CET [2025/08/31 11:55:01 ET]
Table 'Arneb' 6-max Seat #1 is the button
Seat 1: kingarmor (€2.53 in chips) 
Seat 2: PerParFr (€2.04 in chips) 
Seat 3: 1Drazi (€3.69 in chips) 
Seat 4: pipinoelbreve9 (€2.14 in chips) 
Seat 5: RamsDios (€3.18 in chips) 
Seat 6: serviettski(fr) (€2.29 in chips) 
PerParFr: posts small blind €0.01
1Drazi: posts big blind €0.02
*** HOLE CARDS ***
Dealt to pipinoelbreve9 [9c As]
pipinoelbreve9: folds 
RamsDios: folds 
serviettski(fr): folds 
kingarmor: raises €0.03 to €0.05
PerParFr: folds 
1Drazi: folds 
Uncalled bet (€0.03) returned to kingarmor
kingarmor collected €0.05 from pot
kingarmor: doesn't show hand 
*** SUMMARY ***
Total pot €0.05 | Rake €0 
Seat 1: kingarmor (button) collected (€0.05)
Seat 2: PerParFr (small blind) folded before Flop
Seat 3: 1Drazi (big blind) folded before Flop
Seat 4: pipinoelbreve9 folded before Flop (didn't bet)
Seat 5: RamsDios folded before Flop (didn't bet)
Seat 6: serviettski(fr) folded before Flop (didn't bet)



PokerStars Zoom Hand #257557994645:  Hold'em No Limit (€0.01/€0.02) - 2025/08/31 17:54:53 CET [2025/08/31 11:54:53 ET]
Table 'Arneb' 6-max Seat #1 is the button
Seat 1: BestiaESP12 (€2.77 in chips) 
Seat 2: DeividBox980 (€0.72 in chips) 
Seat 3: maximus_powah (€2.48 in chips) 
Seat 4: marcooliveira99 (€0.81 in chips) 
Seat 5: pipinoelbreve9 (€2.14 in chips) 
Seat 6: RaphaelBP07 (€2.16 in chips) 
DeividBox980: posts small blind €0.01
maximus_powah: posts big blind €0.02
*** HOLE CARDS ***
Dealt to pipinoelbreve9 [9s Kh]
marcooliveira99: folds 
pipinoelbreve9: folds 
RaphaelBP07: folds 
BestiaESP12: raises €0.03 to €0.05
DeividBox980: folds 
maximus_powah: raises €0.19 to €0.24
BestiaESP12: folds 
Uncalled bet (€0.19) returned to maximus_powah
maximus_powah collected €0.11 from pot
maximus_powah: doesn't show hand 
*** SUMMARY ***
Total pot €0.11 | Rake €0 
Seat 1: BestiaESP12 (button) folded before Flop
Seat 2: DeividBox980 (small blind) folded before Flop
Seat 3: maximus_powah (big blind) collected (€0.11)
Seat 4: marcooliveira99 folded before Flop (didn't bet)
Seat 5: pipinoelbreve9 folded before Flop (didn't bet)
Seat 6: RaphaelBP07 folded before Flop (didn't bet)



PokerStars Zoom Hand #257557991303:  Hold'em No Limit (€0.01/€0.02) - 2025/08/31 17:54:38 CET [2025/08/31 11:54:38 ET]
Table 'Arneb' 6-max Seat #1 is the button
Seat 1: PerParFr (€2.27 in chips) 
Seat 2: AnxoGM (€2 in chips) 
Seat 3: 77samuel33 (€2 in chips) 
Seat 4: rare12345 (€2.12 in chips) 
Seat 5: poteaarte (€2.92 in chips) 
Seat 6: pipinoelbreve9 (€2.14 in chips) 
AnxoGM: posts small blind €0.01
77samuel33: posts big blind €0.02
*** HOLE CARDS ***
Dealt to pipinoelbreve9 [9c Ad]
rare12345: folds 
poteaarte: raises €0.04 to €0.06
pipinoelbreve9: folds 
PerParFr: folds 
AnxoGM: folds 
77samuel33: calls €0.04
*** FLOP *** [6d 8d Jd]
77samuel33: checks 
poteaarte: bets €0.06
77samuel33: calls €0.06
*** TURN *** [6d 8d Jd] [8c]
77samuel33: bets €0.18
poteaarte: calls €0.18
*** RIVER *** [6d 8d Jd 8c] [2h]
77samuel33: checks 
poteaarte: bets €0.29
77samuel33: calls €0.29
*** SHOW DOWN ***
poteaarte: shows [Qh Kd] (a pair of Eights)
77samuel33: shows [9d 8h] (three of a kind, Eights)
77samuel33 collected €1.13 from pot
*** SUMMARY ***
Total pot €1.19 | Rake €0.06 
Board [6d 8d Jd 8c 2h]
Seat 1: PerParFr (button) folded before Flop (didn't bet)
Seat 2: AnxoGM (small blind) folded before Flop
Seat 3: 77samuel33 (big blind) showed [9d 8h] and won (€1.13) with three of a kind, Eights
Seat 4: rare12345 folded before Flop (didn't bet)
Seat 5: poteaarte showed [Qh Kd] and lost with a pair of Eights
Seat 6: pipinoelbreve9 folded before Flop (didn't bet)



PokerStars Zoom Hand #257557997503:  Hold'em No Limit (€0.01/€0.02) - 2025/08/31 17:55:07 CET [2025/08/31 11:55:07 ET]
Table 'Arneb' 6-max Seat #1 is the button
Seat 1: RaphaelBP07 (€2.15 in chips) 
Seat 2: 77samuel33 (€3.12 in chips) 
Seat 3: pipinoelbreve9 (€2.14 in chips) 
Seat 4: marcooliveira99 (€0.80 in chips) 
Seat 5: dragonfly2467 (€2 in chips) 
Seat 6: poteaarte (€3.70 in chips) 
77samuel33: posts small blind €0.01
pipinoelbreve9: posts big blind €0.02
*** HOLE CARDS ***
Dealt to pipinoelbreve9 [3h Jh]
marcooliveira99: calls €0.02
dragonfly2467: folds 
poteaarte: folds 
RaphaelBP07: folds 
77samuel33: calls €0.01
pipinoelbreve9: checks 
*** FLOP *** [3c Qd 5s]
77samuel33: checks 
pipinoelbreve9: bets €0.02
marcooliveira99: folds 
77samuel33: calls €0.02
*** TURN *** [3c Qd 5s] [As]
77samuel33: checks 
pipinoelbreve9: checks 
*** RIVER *** [3c Qd 5s As] [4d]
77samuel33: checks 
pipinoelbreve9: checks 
*** SHOW DOWN ***
77samuel33: shows [4s 4h] (three of a kind, Fours)
pipinoelbreve9: mucks hand 
77samuel33 collected €0.10 from pot
*** SUMMARY ***
Total pot €0.10 | Rake €0 
Board [3c Qd 5s As 4d]
Seat 1: RaphaelBP07 (button) folded before Flop (didn't bet)
Seat 2: 77samuel33 (small blind) showed [4s 4h] and won (€0.10) with three of a kind, Fours
Seat 3: pipinoelbreve9 (big blind) mucked [3h Jh]
Seat 4: marcooliveira99 folded on the Flop
Seat 5: dragonfly2467 folded before Flop (didn't bet)
Seat 6: poteaarte folded before Flop (didn't bet)



PokerStars Zoom Hand #257558005273:  Hold'em No Limit (€0.01/€0.02) - 2025/08/31 17:56:04 CET [2025/08/31 11:56:04 ET]
Table 'Arneb' 6-max Seat #1 is the button
Seat 1: pipinoelbreve9 (€2.09 in chips) 
Seat 2: serviettski(fr) (€2.75 in chips) 
Seat 3: monsieur881 (€1.84 in chips) 
Seat 4: NotClaudio1 (€2.65 in chips) 
Seat 5: dragonfly2467 (€2.12 in chips) 
Seat 6: PerParFr (€2.42 in chips) 
serviettski(fr): posts small blind €0.01
monsieur881: posts big blind €0.02
*** HOLE CARDS ***
Dealt to pipinoelbreve9 [2h 4s]
NotClaudio1: folds 
dragonfly2467: raises €0.04 to €0.06
PerParFr: folds 
pipinoelbreve9: folds 
serviettski(fr): folds 
monsieur881: folds 
Uncalled bet (€0.04) returned to dragonfly2467
dragonfly2467 collected €0.05 from pot
dragonfly2467: doesn't show hand 
*** SUMMARY ***
Total pot €0.05 | Rake €0 
Seat 1: pipinoelbreve9 (button) folded before Flop (didn't bet)
Seat 2: serviettski(fr) (small blind) folded before Flop
Seat 3: monsieur881 (big blind) folded before Flop
Seat 4: NotClaudio1 folded before Flop (didn't bet)
Seat 5: dragonfly2467 collected (€0.05)
Seat 6: PerParFr folded before Flop (didn't bet)



PokerStars Zoom Hand #257558006035:  Hold'em No Limit (€0.01/€0.02) - 2025/08/31 17:56:10 CET [2025/08/31 11:56:10 ET]
Table 'Arneb' 6-max Seat #1 is the button
Seat 1: cuenca10 (€2.10 in chips) 
Seat 2: 77samuel33 (€2.17 in chips) 
Seat 3: NEMOXYX (€2.10 in chips) 
Seat 4: maximus_powah (€2.50 in chips) 
Seat 5: masquisiera (€1.75 in chips) 
Seat 6: pipinoelbreve9 (€2.09 in chips) 
77samuel33: posts small blind €0.01
NEMOXYX: posts big blind €0.02
*** HOLE CARDS ***
Dealt to pipinoelbreve9 [2d Qs]
maximus_powah: folds 
masquisiera: folds 
pipinoelbreve9: folds 
cuenca10: folds 
77samuel33: raises €0.04 to €0.06
NEMOXYX: folds 
Uncalled bet (€0.04) returned to 77samuel33
77samuel33 collected €0.04 from pot
77samuel33: doesn't show hand 
*** SUMMARY ***
Total pot €0.04 | Rake €0 
Seat 1: cuenca10 (button) folded before Flop (didn't bet)
Seat 2: 77samuel33 (small blind) collected (€0.04)
Seat 3: NEMOXYX (big blind) folded before Flop
Seat 4: maximus_powah folded before Flop (didn't bet)
Seat 5: masquisiera folded before Flop (didn't bet)
Seat 6: pipinoelbreve9 folded before Flop (didn't bet)



PokerStars Zoom Hand #257558007340:  Hold'em No Limit (€0.01/€0.02) - 2025/08/31 17:56:20 CET [2025/08/31 11:56:20 ET]
Table 'Arneb' 6-max Seat #1 is the button
Seat 1: AnxoGM (€2.07 in chips) 
Seat 2: orosa (€2.55 in chips) 
Seat 3: ldzepp (€1.99 in chips) 
Seat 4: boefbram (€1.46 in chips) 
Seat 5: RaphaelBP07 (€2.13 in chips) 
Seat 6: pipinoelbreve9 (€2.09 in chips) 
orosa: posts small blind €0.01
ldzepp: posts big blind €0.02
*** HOLE CARDS ***
Dealt to pipinoelbreve9 [5d Jd]
boefbram: folds 
RaphaelBP07: calls €0.02
pipinoelbreve9: folds 
AnxoGM: raises €0.08 to €0.10
orosa: folds 
ldzepp: folds 
RaphaelBP07: folds 
Uncalled bet (€0.08) returned to AnxoGM
AnxoGM collected €0.07 from pot
AnxoGM: doesn't show hand 
*** SUMMARY ***
Total pot €0.07 | Rake €0 
Seat 1: AnxoGM (button) collected (€0.07)
Seat 2: orosa (small blind) folded before Flop
Seat 3: ldzepp (big blind) folded before Flop
Seat 4: boefbram folded before Flop (didn't bet)
Seat 5: RaphaelBP07 folded before Flop
Seat 6: pipinoelbreve9 folded before Flop (didn't bet)



PokerStars Zoom Hand #257558008199:  Hold'em No Limit (€0.01/€0.02) - 2025/08/31 17:56:26 CET [2025/08/31 11:56:26 ET]
Table 'Arneb' 6-max Seat #1 is the button
Seat 1: davidelgnomo747 (€0.79 in chips) 
Seat 2: Gginer2812 (€1.83 in chips) 
Seat 3: Chendoteam (€2.77 in chips) 
Seat 4: pipinoelbreve9 (€2.09 in chips) 
Seat 5: 34pluto (€1.95 in chips) 
Seat 6: maximus_powah (€5.23 in chips) 
Gginer2812: posts small blind €0.01
Chendoteam: posts big blind €0.02
*** HOLE CARDS ***
Dealt to pipinoelbreve9 [7s 9s]
pipinoelbreve9: folds 
34pluto: folds 
maximus_powah: folds 
davidelgnomo747: folds 
Gginer2812: folds 
Uncalled bet (€0.01) returned to Chendoteam
Chendoteam collected €0.02 from pot
Chendoteam: doesn't show hand 
*** SUMMARY ***
Total pot €0.02 | Rake €0 
Seat 1: davidelgnomo747 (button) folded before Flop (didn't bet)
Seat 2: Gginer2812 (small blind) folded before Flop
Seat 3: Chendoteam (big blind) collected (€0.02)
Seat 4: pipinoelbreve9 folded before Flop (didn't bet)
Seat 5: 34pluto folded before Flop (didn't bet)
Seat 6: maximus_powah folded before Flop (didn't bet)



PokerStars Zoom Hand #257558004676:  Hold'em No Limit (€0.01/€0.02) - 2025/08/31 17:56:00 CET [2025/08/31 11:56:00 ET]
Table 'Arneb' 6-max Seat #1 is the button
Seat 1: juanlu2000china (€1.51 in chips) 
Seat 2: pipinoelbreve9 (€2.10 in chips) 
Seat 3: 77samuel33 (€13.01 in chips) 
Seat 4: pisuleto (€3.43 in chips) 
Seat 5: maximus_powah (€5.20 in chips) 
Seat 6: orosa (€2.08 in chips) 
pipinoelbreve9: posts small blind €0.01
77samuel33: posts big blind €0.02
*** HOLE CARDS ***
Dealt to pipinoelbreve9 [2d 7c]
pisuleto: raises €0.03 to €0.05
maximus_powah: folds 
orosa: folds 
juanlu2000china: folds 
pipinoelbreve9: folds 
77samuel33: calls €0.03
*** FLOP *** [Jh 8h Ks]
77samuel33: checks 
pisuleto: bets €0.03
77samuel33: calls €0.03
*** TURN *** [Jh 8h Ks] [5d]
77samuel33: checks 
pisuleto: bets €0.08
77samuel33: folds 
Uncalled bet (€0.08) returned to pisuleto
pisuleto collected €0.16 from pot
pisuleto: doesn't show hand 
*** SUMMARY ***
Total pot €0.17 | Rake €0.01 
Board [Jh 8h Ks 5d]
Seat 1: juanlu2000china (button) folded before Flop (didn't bet)
Seat 2: pipinoelbreve9 (small blind) folded before Flop
Seat 3: 77samuel33 (big blind) folded on the Turn
Seat 4: pisuleto collected (€0.16)
Seat 5: maximus_powah folded before Flop (didn't bet)
Seat 6: orosa folded before Flop (didn't bet)



PokerStars Zoom Hand #257558006563:  Hold'em No Limit (€0.01/€0.02) - 2025/08/31 17:56:14 CET [2025/08/31 11:56:14 ET]
Table 'Arneb' 6-max Seat #1 is the button
Seat 1: teno77 (€0.87 in chips) 
Seat 2: iam_xCidx (€2.91 in chips) 
Seat 3: marcooliveira99 (€0.75 in chips) 
Seat 4: serviettski(fr) (€2.74 in chips) 
Seat 5: pipinoelbreve9 (€2.09 in chips) 
Seat 6: morganlee66 (€3.13 in chips) 
iam_xCidx: posts small blind €0.01
marcooliveira99: posts big blind €0.02
*** HOLE CARDS ***
Dealt to pipinoelbreve9 [As 6c]
serviettski(fr): folds 
pipinoelbreve9: folds 
morganlee66: raises €0.03 to €0.05
teno77: calls €0.05
iam_xCidx: raises €0.33 to €0.38
marcooliveira99: folds 
morganlee66: folds 
teno77: folds 
Uncalled bet (€0.33) returned to iam_xCidx
iam_xCidx collected €0.17 from pot
iam_xCidx: doesn't show hand 
*** SUMMARY ***
Total pot €0.17 | Rake €0 
Seat 1: teno77 (button) folded before Flop
Seat 2: iam_xCidx (small blind) collected (€0.17)
Seat 3: marcooliveira99 (big blind) folded before Flop
Seat 4: serviettski(fr) folded before Flop (didn't bet)
Seat 5: pipinoelbreve9 folded before Flop (didn't bet)
Seat 6: morganlee66 folded before Flop



PokerStars Zoom Hand #257558008973:  Hold'em No Limit (€0.01/€0.02) - 2025/08/31 17:56:32 CET [2025/08/31 11:56:32 ET]
Table 'Arneb' 6-max Seat #1 is the button
Seat 1: PerParFr (€2.17 in chips) 
Seat 2: MagicGitox (€1.93 in chips) 
Seat 3: pipinoelbreve9 (€2.09 in chips) 
Seat 4: marcosbalsaa (€3.39 in chips) 
Seat 5: 1Drazi (€3.52 in chips) 
Seat 6: 77samuel33 (€2.19 in chips) 
MagicGitox: posts small blind €0.01
pipinoelbreve9: posts big blind €0.02
*** HOLE CARDS ***
Dealt to pipinoelbreve9 [7d Th]
marcosbalsaa: folds 
1Drazi: folds 
77samuel33: folds 
PerParFr: folds 
MagicGitox: raises €0.08 to €0.10
pipinoelbreve9: folds 
Uncalled bet (€0.08) returned to MagicGitox
MagicGitox collected €0.04 from pot
MagicGitox: doesn't show hand 
*** SUMMARY ***
Total pot €0.04 | Rake €0 
Seat 1: PerParFr (button) folded before Flop (didn't bet)
Seat 2: MagicGitox (small blind) collected (€0.04)
Seat 3: pipinoelbreve9 (big blind) folded before Flop
Seat 4: marcosbalsaa folded before Flop (didn't bet)
Seat 5: 1Drazi folded before Flop (didn't bet)
Seat 6: 77samuel33 folded before Flop (didn't bet)



PokerStars Zoom Hand #257558011155:  Hold'em No Limit (€0.01/€0.02) - 2025/08/31 17:56:48 CET [2025/08/31 11:56:48 ET]
Table 'Arneb' 6-max Seat #1 is the button
Seat 1: vayewis (€3.09 in chips) 
Seat 2: pipinoelbreve9 (€2.07 in chips) 
Seat 3: MagicGitox (€1.95 in chips) 
Seat 4: davidelgnomo747 (€0.78 in chips) 
Seat 5: NEMOXYX (€4.38 in chips) 
Seat 6: pauma1123 (€2.92 in chips) 
pipinoelbreve9: posts small blind €0.01
MagicGitox: posts big blind €0.02
*** HOLE CARDS ***
Dealt to pipinoelbreve9 [Ad 9h]
davidelgnomo747: folds 
NEMOXYX: folds 
pauma1123: raises €0.06 to €0.08
vayewis: folds 
pipinoelbreve9: folds 
MagicGitox: folds 
Uncalled bet (€0.06) returned to pauma1123
pauma1123 collected €0.05 from pot
pauma1123: doesn't show hand 
*** SUMMARY ***
Total pot €0.05 | Rake €0 
Seat 1: vayewis (button) folded before Flop (didn't bet)
Seat 2: pipinoelbreve9 (small blind) folded before Flop
Seat 3: MagicGitox (big blind) folded before Flop
Seat 4: davidelgnomo747 folded before Flop (didn't bet)
Seat 5: NEMOXYX folded before Flop (didn't bet)
Seat 6: pauma1123 collected (€0.05)



PokerStars Zoom Hand #257558012718:  Hold'em No Limit (€0.01/€0.02) - 2025/08/31 17:56:59 CET [2025/08/31 11:56:59 ET]
Table 'Arneb' 6-max Seat #1 is the button
Seat 1: pipinoelbreve9 (€2.06 in chips) 
Seat 2: abmarc99 (€1.05 in chips) 
Seat 3: NotClaudio1 (€3.68 in chips) 
Seat 4: juanlu2000china (€1.45 in chips) 
Seat 5: orosa (€2.03 in chips) 
Seat 6: RaphaelBP07 (€2.14 in chips) 
abmarc99: posts small blind €0.01
NotClaudio1: posts big blind €0.02
*** HOLE CARDS ***
Dealt to pipinoelbreve9 [Qh 9h]
juanlu2000china: folds 
orosa: folds 
RaphaelBP07: raises €0.02 to €0.04
pipinoelbreve9: raises €0.10 to €0.14
abmarc99: folds 
NotClaudio1: folds 
RaphaelBP07: calls €0.10
*** FLOP *** [7h 2d Ac]
RaphaelBP07: checks 
pipinoelbreve9: checks 
*** TURN *** [7h 2d Ac] [Td]
RaphaelBP07: bets €0.08
pipinoelbreve9: folds 
Uncalled bet (€0.08) returned to RaphaelBP07
RaphaelBP07 collected €0.29 from pot
RaphaelBP07: doesn't show hand 
*** SUMMARY ***
Total pot €0.31 | Rake €0.02 
Board [7h 2d Ac Td]
Seat 1: pipinoelbreve9 (button) folded on the Turn
Seat 2: abmarc99 (small blind) folded before Flop
Seat 3: NotClaudio1 (big blind) folded before Flop
Seat 4: juanlu2000china folded before Flop (didn't bet)
Seat 5: orosa folded before Flop (didn't bet)
Seat 6: RaphaelBP07 collected (€0.29)



PokerStars Zoom Hand #257558017016:  Hold'em No Limit (€0.01/€0.02) - 2025/08/31 17:57:31 CET [2025/08/31 11:57:31 ET]
Table 'Arneb' 6-max Seat #1 is the button
Seat 1: Chendoteam (€2.69 in chips) 
Seat 2: monsieur881 (€1.76 in chips) 
Seat 3: ldzepp (€2.02 in chips) 
Seat 4: AnxoGM (€2.06 in chips) 
Seat 5: pipinoelbreve9 (€2 in chips) 
Seat 6: orosa (€2.51 in chips) 
monsieur881: posts small blind €0.01
ldzepp: posts big blind €0.02
*** HOLE CARDS ***
Dealt to pipinoelbreve9 [Jh Jc]
AnxoGM: raises €0.03 to €0.05
pipinoelbreve9: raises €0.15 to €0.20
orosa: folds 
Chendoteam: folds 
monsieur881: folds 
ldzepp: folds 
AnxoGM: raises €0.25 to €0.45
pipinoelbreve9: raises €1.55 to €2 and is all-in
AnxoGM: calls €1.55
*** FLOP *** [As 2s 9c]
*** TURN *** [As 2s 9c] [3s]
*** RIVER *** [As 2s 9c 3s] [7s]
*** SHOW DOWN ***
AnxoGM: shows [Ah Ac] (three of a kind, Aces)
pipinoelbreve9: shows [Jh Jc] (a pair of Jacks)
AnxoGM collected €3.83 from pot
*** SUMMARY ***
Total pot €4.03 | Rake €0.20 
Board [As 2s 9c 3s 7s]
Seat 1: Chendoteam (button) folded before Flop (didn't bet)
Seat 2: monsieur881 (small blind) folded before Flop
Seat 3: ldzepp (big blind) folded before Flop
Seat 4: AnxoGM showed [Ah Ac] and won (€3.83) with three of a kind, Aces
Seat 5: pipinoelbreve9 showed [Jh Jc] and lost with a pair of Jacks
Seat 6: orosa folded before Flop (didn't bet)



PokerStars Zoom Hand #257558021577:  Hold'em No Limit (€0.01/€0.02) - 2025/08/31 17:58:05 CET [2025/08/31 11:58:05 ET]
Table 'Arneb' 6-max Seat #1 is the button
Seat 1: vayewis (€2.78 in chips) 
Seat 2: marcosbalsaa (€3.39 in chips) 
Seat 3: pipinoelbreve9 (€2 in chips) 
Seat 4: juanlu2000china (€1.60 in chips) 
Seat 5: gin_213 (€2.56 in chips) 
Seat 6: davidelgnomo747 (€0.68 in chips) 
marcosbalsaa: posts small blind €0.01
pipinoelbreve9: posts big blind €0.02
*** HOLE CARDS ***
Dealt to pipinoelbreve9 [Qc 2s]
juanlu2000china: calls €0.02
gin_213: folds 
davidelgnomo747: folds 
vayewis: folds 
marcosbalsaa: raises €0.08 to €0.10
pipinoelbreve9: folds 
juanlu2000china: raises €1.50 to €1.60 and is all-in
marcosbalsaa: folds 
Uncalled bet (€1.50) returned to juanlu2000china
juanlu2000china collected €0.22 from pot
juanlu2000china: doesn't show hand 
*** SUMMARY ***
Total pot €0.22 | Rake €0 
Seat 1: vayewis (button) folded before Flop (didn't bet)
Seat 2: marcosbalsaa (small blind) folded before Flop
Seat 3: pipinoelbreve9 (big blind) folded before Flop
Seat 4: juanlu2000china collected (€0.22)
Seat 5: gin_213 folded before Flop (didn't bet)
Seat 6: davidelgnomo747 folded before Flop (didn't bet)



PokerStars Zoom Hand #257558024544:  Hold'em No Limit (€0.01/€0.02) - 2025/08/31 17:58:27 CET [2025/08/31 11:58:27 ET]
Table 'Arneb' 6-max Seat #1 is the button
Seat 1: pipinoelbreve9 (€2 in chips) 
Seat 2: DeividBox980 (€1.11 in chips) 
Seat 3: masquisiera (€1 in chips) 
Seat 4: serviettski(fr) (€2.57 in chips) 
Seat 5: NEMOXYX (€4.30 in chips) 
Seat 6: Habixxt (€3.59 in chips) 
DeividBox980: posts small blind €0.01
masquisiera: posts big blind €0.02
*** HOLE CARDS ***
Dealt to pipinoelbreve9 [3s Jh]
serviettski(fr): folds 
NEMOXYX: raises €0.04 to €0.06
Habixxt: folds 
pipinoelbreve9: folds 
DeividBox980: folds 
masquisiera: folds 
Uncalled bet (€0.04) returned to NEMOXYX
NEMOXYX collected €0.05 from pot
NEMOXYX: doesn't show hand 
*** SUMMARY ***
Total pot €0.05 | Rake €0 
Seat 1: pipinoelbreve9 (button) folded before Flop (didn't bet)
Seat 2: DeividBox980 (small blind) folded before Flop
Seat 3: masquisiera (big blind) folded before Flop
Seat 4: serviettski(fr) folded before Flop (didn't bet)
Seat 5: NEMOXYX collected (€0.05)
Seat 6: Habixxt folded before Flop (didn't bet)



PokerStars Zoom Hand #257558020970:  Hold'em No Limit (€0.01/€0.02) - 2025/08/31 17:58:00 CET [2025/08/31 11:58:00 ET]
Table 'Arneb' 6-max Seat #1 is the button
Seat 1: RamsDios (€3.44 in chips) 
Seat 2: arthurdp (€2.70 in chips) 
Seat 3: 1Drazi (€3.40 in chips) 
Seat 4: maximus_powah (€2.54 in chips) 
Seat 5: pablosua (€0.72 in chips) 
Seat 6: pipinoelbreve9 (€2 in chips) 
arthurdp: posts small blind €0.01
1Drazi: posts big blind €0.02
*** HOLE CARDS ***
Dealt to pipinoelbreve9 [3s Js]
maximus_powah: folds 
pablosua: folds 
pipinoelbreve9: folds 
RamsDios: raises €0.02 to €0.04
arthurdp: folds 
1Drazi: calls €0.02
*** FLOP *** [Tc 7d Ts]
1Drazi: checks 
RamsDios: checks 
*** TURN *** [Tc 7d Ts] [2c]
1Drazi: checks 
RamsDios: checks 
*** RIVER *** [Tc 7d Ts 2c] [Td]
1Drazi: checks 
RamsDios: bets €0.05
1Drazi: calls €0.05
*** SHOW DOWN ***
RamsDios: shows [Ks 9c] (three of a kind, Tens)
1Drazi: shows [7h Jh] (a full house, Tens full of Sevens)
1Drazi collected €0.18 from pot
*** SUMMARY ***
Total pot €0.19 | Rake €0.01 
Board [Tc 7d Ts 2c Td]
Seat 1: RamsDios (button) showed [Ks 9c] and lost with three of a kind, Tens
Seat 2: arthurdp (small blind) folded before Flop
Seat 3: 1Drazi (big blind) showed [7h Jh] and won (€0.18) with a full house, Tens full of Sevens
Seat 4: maximus_powah folded before Flop (didn't bet)
Seat 5: pablosua folded before Flop (didn't bet)
Seat 6: pipinoelbreve9 folded before Flop (didn't bet)



PokerStars Zoom Hand #257558025162:  Hold'em No Limit (€0.01/€0.02) - 2025/08/31 17:58:31 CET [2025/08/31 11:58:31 ET]
Table 'Arneb' 6-max Seat #1 is the button
Seat 1: DeividBox980 (€1.10 in chips) 
Seat 2: juanlu2000china (€1.72 in chips) 
Seat 3: serviettski(fr) (€2.57 in chips) 
Seat 4: 1Drazi (€3.22 in chips) 
Seat 5: pipinoelbreve9 (€2 in chips) 
Seat 6: monsieur881 (€1.68 in chips) 
juanlu2000china: posts small blind €0.01
serviettski(fr): posts big blind €0.02
*** HOLE CARDS ***
Dealt to pipinoelbreve9 [7d 3d]
1Drazi: raises €0.04 to €0.06
pipinoelbreve9: folds 
monsieur881: folds 
DeividBox980: folds 
juanlu2000china: folds 
serviettski(fr): folds 
Uncalled bet (€0.04) returned to 1Drazi
1Drazi collected €0.05 from pot
1Drazi: doesn't show hand 
*** SUMMARY ***
Total pot €0.05 | Rake €0 
Seat 1: DeividBox980 (button) folded before Flop (didn't bet)
Seat 2: juanlu2000china (small blind) folded before Flop
Seat 3: serviettski(fr) (big blind) folded before Flop
Seat 4: 1Drazi collected (€0.05)
Seat 5: pipinoelbreve9 folded before Flop (didn't bet)
Seat 6: monsieur881 folded before Flop (didn't bet)



PokerStars Zoom Hand #257558026010:  Hold'em No Limit (€0.01/€0.02) - 2025/08/31 17:58:38 CET [2025/08/31 11:58:38 ET]
Table 'Arneb' 6-max Seat #1 is the button
Seat 1: marcooliveira99 (€0.35 in chips) 
Seat 2: masquisiera (€1 in chips) 
Seat 3: pipinoelbreve9 (€2 in chips) 
Seat 4: 77samuel33 (€12.86 in chips) 
Seat 5: abmarc99 (€0.96 in chips) 
Seat 6: NEMOXYX (€4.33 in chips) 
masquisiera: posts small blind €0.01
pipinoelbreve9: posts big blind €0.02
*** HOLE CARDS ***
Dealt to pipinoelbreve9 [8c 8d]
77samuel33: folds 
abmarc99: folds 
NEMOXYX: folds 
marcooliveira99: folds 
masquisiera: folds 
Uncalled bet (€0.01) returned to pipinoelbreve9
pipinoelbreve9 collected €0.02 from pot
pipinoelbreve9: doesn't show hand 
*** SUMMARY ***
Total pot €0.02 | Rake €0 
Seat 1: marcooliveira99 (button) folded before Flop (didn't bet)
Seat 2: masquisiera (small blind) folded before Flop
Seat 3: pipinoelbreve9 (big blind) collected (€0.02)
Seat 4: 77samuel33 folded before Flop (didn't bet)
Seat 5: abmarc99 folded before Flop (didn't bet)
Seat 6: NEMOXYX folded before Flop (didn't bet)



PokerStars Zoom Hand #257558023242:  Hold'em No Limit (€0.01/€0.02) - 2025/08/31 17:58:17 CET [2025/08/31 11:58:17 ET]
Table 'Arneb' 6-max Seat #1 is the button
Seat 1: monsieur881 (€1.69 in chips) 
Seat 2: orosa (€2.01 in chips) 
Seat 3: 1Drazi (€3.02 in chips) 
Seat 4: pipinoelbreve9 (€2 in chips) 
Seat 5: Chendoteam (€2.67 in chips) 
Seat 6: K4K1 (€2.10 in chips) 
orosa: posts small blind €0.01
1Drazi: posts big blind €0.02
*** HOLE CARDS ***
Dealt to pipinoelbreve9 [3d 6s]
pipinoelbreve9: folds 
Chendoteam: calls €0.02
K4K1: folds 
monsieur881: folds 
orosa: calls €0.01
1Drazi: checks 
*** FLOP *** [Kh 4d Ts]
orosa: checks 
1Drazi: checks 
Chendoteam: checks 
*** TURN *** [Kh 4d Ts] [Kc]
orosa: checks 
1Drazi: checks 
Chendoteam: checks 
*** RIVER *** [Kh 4d Ts Kc] [5d]
orosa: checks 
1Drazi: checks 
Chendoteam: checks 
*** SHOW DOWN ***
orosa: shows [2d 2c] (two pair, Kings and Deuces)
1Drazi: mucks hand 
Chendoteam: shows [6c 5c] (two pair, Kings and Fives)
Chendoteam collected €0.06 from pot
*** SUMMARY ***
Total pot €0.06 | Rake €0 
Board [Kh 4d Ts Kc 5d]
Seat 1: monsieur881 (button) folded before Flop (didn't bet)
Seat 2: orosa (small blind) showed [2d 2c] and lost with two pair, Kings and Deuces
Seat 3: 1Drazi (big blind) mucked [3h 8h]
Seat 4: pipinoelbreve9 folded before Flop (didn't bet)
Seat 5: Chendoteam showed [6c 5c] and won (€0.06) with two pair, Kings and Fives
Seat 6: K4K1 folded before Flop (didn't bet)



PokerStars Zoom Hand #257558028143:  Hold'em No Limit (€0.01/€0.02) - 2025/08/31 17:58:54 CET [2025/08/31 11:58:54 ET]
Table 'Arneb' 6-max Seat #1 is the button
Seat 1: abmarc99 (€1.82 in chips) 
Seat 2: pipinoelbreve9 (€2.01 in chips) 
Seat 3: marcooliveira99 (€0.35 in chips) 
Seat 4: poteaarte (€1.97 in chips) 
Seat 5: Chendoteam (€2.70 in chips) 
Seat 6: 1Drazi (€3.23 in chips) 
pipinoelbreve9: posts small blind €0.01
marcooliveira99: posts big blind €0.02
*** HOLE CARDS ***
Dealt to pipinoelbreve9 [Ts Kd]
poteaarte: folds 
Chendoteam: folds 
1Drazi: folds 
abmarc99: folds 
pipinoelbreve9: raises €0.04 to €0.06
marcooliveira99: folds 
Uncalled bet (€0.04) returned to pipinoelbreve9
pipinoelbreve9 collected €0.04 from pot
pipinoelbreve9: doesn't show hand 
*** SUMMARY ***
Total pot €0.04 | Rake €0 
Seat 1: abmarc99 (button) folded before Flop (didn't bet)
Seat 2: pipinoelbreve9 (small blind) collected (€0.04)
Seat 3: marcooliveira99 (big blind) folded before Flop
Seat 4: poteaarte folded before Flop (didn't bet)
Seat 5: Chendoteam folded before Flop (didn't bet)
Seat 6: 1Drazi folded before Flop (didn't bet)



PokerStars Zoom Hand #257558027338:  Hold'em No Limit (€0.01/€0.02) - 2025/08/31 17:58:48 CET [2025/08/31 11:58:48 ET]
Table 'Arneb' 6-max Seat #1 is the button
Seat 1: Julian8757 (€1.82 in chips) 
Seat 2: NotClaudio1 (€2.89 in chips) 
Seat 3: 77samuel33 (€12.86 in chips) 
Seat 4: pipinoelbreve9 (€2.01 in chips) 
Seat 5: masquisiera (€1.21 in chips) 
Seat 6: teno77 (€0.52 in chips) 
NotClaudio1: posts small blind €0.01
77samuel33: posts big blind €0.02
*** HOLE CARDS ***
Dealt to pipinoelbreve9 [Qc 3s]
pipinoelbreve9: folds 
masquisiera: folds 
teno77: calls €0.02
Julian8757: folds 
NotClaudio1: folds 
77samuel33: checks 
*** FLOP *** [6h 4d 8h]
77samuel33: checks 
teno77: checks 
*** TURN *** [6h 4d 8h] [Kd]
77samuel33: checks 
teno77: checks 
*** RIVER *** [6h 4d 8h Kd] [5d]
77samuel33: checks 
teno77: checks 
*** SHOW DOWN ***
77samuel33: shows [4c Tc] (a pair of Fours)
teno77: shows [Ac Jc] (high card Ace)
77samuel33 collected €0.05 from pot
*** SUMMARY ***
Total pot €0.05 | Rake €0 
Board [6h 4d 8h Kd 5d]
Seat 1: Julian8757 (button) folded before Flop (didn't bet)
Seat 2: NotClaudio1 (small blind) folded before Flop
Seat 3: 77samuel33 (big blind) showed [4c Tc] and won (€0.05) with a pair of Fours
Seat 4: pipinoelbreve9 folded before Flop (didn't bet)
Seat 5: masquisiera folded before Flop (didn't bet)
Seat 6: teno77 showed [Ac Jc] and lost with high card Ace



PokerStars Zoom Hand #257558030244:  Hold'em No Limit (€0.01/€0.02) - 2025/08/31 17:59:10 CET [2025/08/31 11:59:10 ET]
Table 'Arneb' 6-max Seat #1 is the button
Seat 1: pipinoelbreve9 (€2.03 in chips) 
Seat 2: Gginer2812 (€1.91 in chips) 
Seat 3: orosa (€2.68 in chips) 
Seat 4: K4K1 (€2.08 in chips) 
Seat 5: RaphaelBP07 (€2.49 in chips) 
Seat 6: marcosbalsaa (€4.57 in chips) 
Gginer2812: posts small blind €0.01
orosa: posts big blind €0.02
*** HOLE CARDS ***
Dealt to pipinoelbreve9 [6s 9c]
K4K1: folds 
RaphaelBP07: folds 
marcosbalsaa: folds 
pipinoelbreve9: folds 
Gginer2812: folds 
Uncalled bet (€0.01) returned to orosa
orosa collected €0.02 from pot
orosa: doesn't show hand 
*** SUMMARY ***
Total pot €0.02 | Rake €0 
Seat 1: pipinoelbreve9 (button) folded before Flop (didn't bet)
Seat 2: Gginer2812 (small blind) folded before Flop
Seat 3: orosa (big blind) collected (€0.02)
Seat 4: K4K1 folded before Flop (didn't bet)
Seat 5: RaphaelBP07 folded before Flop (didn't bet)
Seat 6: marcosbalsaa folded before Flop (didn't bet)



PokerStars Zoom Hand #257558023827:  Hold'em No Limit (€0.01/€0.02) - 2025/08/31 17:58:21 CET [2025/08/31 11:58:21 ET]
Table 'Arneb' 6-max Seat #1 is the button
Seat 1: 1Drazi (€3.22 in chips) 
Seat 2: pipinoelbreve9 (€2 in chips) 
Seat 3: gin_213 (€2.56 in chips) 
Seat 4: maximus_powah (€5.33 in chips) 
Seat 5: abmarc99 (€1.84 in chips) 
Seat 6: ldzepp (€1.60 in chips) 
pipinoelbreve9: posts small blind €0.01
gin_213: posts big blind €0.02
*** HOLE CARDS ***
Dealt to pipinoelbreve9 [6s 7h]
maximus_powah: folds 
abmarc99: folds 
ldzepp: raises €0.04 to €0.06
1Drazi: folds 
pipinoelbreve9: folds 
gin_213: calls €0.04
*** FLOP *** [Kc Qc 9c]
gin_213: checks 
ldzepp: bets €0.04
gin_213: raises €0.07 to €0.11
ldzepp: calls €0.07
*** TURN *** [Kc Qc 9c] [8s]
gin_213: bets €0.11
ldzepp: raises €0.27 to €0.38
gin_213: calls €0.27
*** RIVER *** [Kc Qc 9c 8s] [8h]
gin_213: checks 
ldzepp: bets €1.05 and is all-in
gin_213: folds 
Uncalled bet (€1.05) returned to ldzepp
ldzepp collected €1.05 from pot
ldzepp: doesn't show hand 
*** SUMMARY ***
Total pot €1.11 | Rake €0.06 
Board [Kc Qc 9c 8s 8h]
Seat 1: 1Drazi (button) folded before Flop (didn't bet)
Seat 2: pipinoelbreve9 (small blind) folded before Flop
Seat 3: gin_213 (big blind) folded on the River
Seat 4: maximus_powah folded before Flop (didn't bet)
Seat 5: abmarc99 folded before Flop (didn't bet)
Seat 6: ldzepp collected (€1.05)



PokerStars Zoom Hand #257558031943:  Hold'em No Limit (€0.01/€0.02) - 2025/08/31 17:59:22 CET [2025/08/31 11:59:22 ET]
Table 'Arneb' 6-max Seat #1 is the button
Seat 1: 76jusab76 (€1 in chips) 
Seat 2: orosa (€2 in chips) 
Seat 3: marcosbalsaa (€4.57 in chips) 
Seat 4: 1Drazi (€2.03 in chips) 
Seat 5: serviettski(fr) (€2.54 in chips) 
Seat 6: pipinoelbreve9 (€2.03 in chips) 
orosa: posts small blind €0.01
marcosbalsaa: posts big blind €0.02
*** HOLE CARDS ***
Dealt to pipinoelbreve9 [Js 4h]
1Drazi: folds 
serviettski(fr): folds 
pipinoelbreve9: folds 
76jusab76: folds 
orosa: raises €0.04 to €0.06
marcosbalsaa: folds 
Uncalled bet (€0.04) returned to orosa
orosa collected €0.04 from pot
orosa: doesn't show hand 
*** SUMMARY ***
Total pot €0.04 | Rake €0 
Seat 1: 76jusab76 (button) folded before Flop (didn't bet)
Seat 2: orosa (small blind) collected (€0.04)
Seat 3: marcosbalsaa (big blind) folded before Flop
Seat 4: 1Drazi folded before Flop (didn't bet)
Seat 5: serviettski(fr) folded before Flop (didn't bet)
Seat 6: pipinoelbreve9 folded before Flop (didn't bet)



PokerStars Zoom Hand #257558031219:  Hold'em No Limit (€0.01/€0.02) - 2025/08/31 17:59:17 CET [2025/08/31 11:59:17 ET]
Table 'Arneb' 6-max Seat #1 is the button
Seat 1: Gginer2812 (€1.90 in chips) 
Seat 2: RamsDios (€3.36 in chips) 
Seat 3: josepoker195 (€2.81 in chips) 
Seat 4: NotClaudio1 (€3.47 in chips) 
Seat 5: pipinoelbreve9 (€2.03 in chips) 
Seat 6: poteaarte (€2.45 in chips) 
RamsDios: posts small blind €0.01
josepoker195: posts big blind €0.02
*** HOLE CARDS ***
Dealt to pipinoelbreve9 [Kd 8s]
NotClaudio1: folds 
pipinoelbreve9: folds 
poteaarte: folds 
Gginer2812: folds 
RamsDios: raises €0.02 to €0.04
josepoker195: folds 
Uncalled bet (€0.02) returned to RamsDios
RamsDios collected €0.04 from pot
RamsDios: doesn't show hand 
*** SUMMARY ***
Total pot €0.04 | Rake €0 
Seat 1: Gginer2812 (button) folded before Flop (didn't bet)
Seat 2: RamsDios (small blind) collected (€0.04)
Seat 3: josepoker195 (big blind) folded before Flop
Seat 4: NotClaudio1 folded before Flop (didn't bet)
Seat 5: pipinoelbreve9 folded before Flop (didn't bet)
Seat 6: poteaarte folded before Flop (didn't bet)



PokerStars Zoom Hand #257558032751:  Hold'em No Limit (€0.01/€0.02) - 2025/08/31 17:59:29 CET [2025/08/31 11:59:29 ET]
Table 'Arneb' 6-max Seat #1 is the button
Seat 1: IsmaAthletic (€1.86 in chips) 
Seat 2: K4K1 (€2.09 in chips) 
Seat 3: pipinoelbreve9 (€2.03 in chips) 
Seat 4: 1Drazi (€3.56 in chips) 
Seat 5: combinius1 (€2.21 in chips) 
Seat 6: 76jusab76 (€1 in chips) 
K4K1: posts small blind €0.01
pipinoelbreve9: posts big blind €0.02
*** HOLE CARDS ***
Dealt to pipinoelbreve9 [3c 7h]
1Drazi: raises €0.04 to €0.06
combinius1: folds 
76jusab76: folds 
IsmaAthletic: calls €0.06
K4K1: calls €0.05
pipinoelbreve9: folds 
*** FLOP *** [Ah 7d 4d]
K4K1: checks 
1Drazi: bets €0.06
IsmaAthletic: folds 
K4K1: calls €0.06
*** TURN *** [Ah 7d 4d] [7s]
K4K1: checks 
1Drazi: checks 
*** RIVER *** [Ah 7d 4d 7s] [Jh]
K4K1: checks 
1Drazi: checks 
*** SHOW DOWN ***
K4K1: shows [Qd Jd] (two pair, Jacks and Sevens)
1Drazi: mucks hand 
K4K1 collected €0.30 from pot
*** SUMMARY ***
Total pot €0.32 | Rake €0.02 
Board [Ah 7d 4d 7s Jh]
Seat 1: IsmaAthletic (button) folded on the Flop
Seat 2: K4K1 (small blind) showed [Qd Jd] and won (€0.30) with two pair, Jacks and Sevens
Seat 3: pipinoelbreve9 (big blind) folded before Flop
Seat 4: 1Drazi mucked [5c 5h]
Seat 5: combinius1 folded before Flop (didn't bet)
Seat 6: 76jusab76 folded before Flop (didn't bet)



PokerStars Zoom Hand #257558033486:  Hold'em No Limit (€0.01/€0.02) - 2025/08/31 17:59:34 CET [2025/08/31 11:59:34 ET]
Table 'Arneb' 6-max Seat #1 is the button
Seat 1: masquisiera (€1.18 in chips) 
Seat 2: pipinoelbreve9 (€2.01 in chips) 
Seat 3: Julian8757 (€1.80 in chips) 
Seat 4: MagicGitox (€1.70 in chips) 
Seat 5: orosa (€2.02 in chips) 
Seat 6: AnxoGM (€2 in chips) 
pipinoelbreve9: posts small blind €0.01
Julian8757: posts big blind €0.02
*** HOLE CARDS ***
Dealt to pipinoelbreve9 [9d Qs]
MagicGitox: folds 
orosa: raises €0.04 to €0.06
AnxoGM: folds 
masquisiera: folds 
pipinoelbreve9: folds 
Julian8757: calls €0.04
*** FLOP *** [Ts Qc Kh]
Julian8757: checks 
orosa: bets €0.06
Julian8757: calls €0.06
*** TURN *** [Ts Qc Kh] [2c]
Julian8757: checks 
orosa: bets €0.16
Julian8757: calls €0.16
*** RIVER *** [Ts Qc Kh 2c] [6h]
Julian8757: bets €0.54
orosa: calls €0.54
*** SHOW DOWN ***
Julian8757: shows [Qh Tc] (two pair, Queens and Tens)
orosa: mucks hand 
Julian8757 collected €1.57 from pot
*** SUMMARY ***
Total pot €1.65 | Rake €0.08 
Board [Ts Qc Kh 2c 6h]
Seat 1: masquisiera (button) folded before Flop (didn't bet)
Seat 2: pipinoelbreve9 (small blind) folded before Flop
Seat 3: Julian8757 (big blind) showed [Qh Tc] and won (€1.57) with two pair, Queens and Tens
Seat 4: MagicGitox folded before Flop (didn't bet)
Seat 5: orosa mucked [Ac Ks]
Seat 6: AnxoGM folded before Flop (didn't bet)



PokerStars Zoom Hand #257558035641:  Hold'em No Limit (€0.01/€0.02) - 2025/08/31 17:59:50 CET [2025/08/31 11:59:50 ET]
Table 'Arneb' 6-max Seat #1 is the button
Seat 1: KillVerlaine (€1.86 in chips) 
Seat 2: PrendsCa (€2.02 in chips) 
Seat 3: Habixxt (€4.59 in chips) 
Seat 4: NotClaudio1 (€3.44 in chips) 
Seat 5: pipinoelbreve9 (€2 in chips) 
Seat 6: 1Drazi (€2 in chips) 
PrendsCa: posts small blind €0.01
Habixxt: posts big blind €0.02
*** HOLE CARDS ***
Dealt to pipinoelbreve9 [8c Qc]
NotClaudio1: folds 
pipinoelbreve9: raises €0.04 to €0.06
1Drazi: folds 
KillVerlaine: folds 
PrendsCa: folds 
Habixxt: folds 
Uncalled bet (€0.04) returned to pipinoelbreve9
pipinoelbreve9 collected €0.05 from pot
pipinoelbreve9: doesn't show hand 
*** SUMMARY ***
Total pot €0.05 | Rake €0 
Seat 1: KillVerlaine (button) folded before Flop (didn't bet)
Seat 2: PrendsCa (small blind) folded before Flop
Seat 3: Habixxt (big blind) folded before Flop
Seat 4: NotClaudio1 folded before Flop (didn't bet)
Seat 5: pipinoelbreve9 collected (€0.05)
Seat 6: 1Drazi folded before Flop (didn't bet)



PokerStars Zoom Hand #257558040787:  Hold'em No Limit (€0.01/€0.02) - 2025/08/31 18:00:27 CET [2025/08/31 12:00:27 ET]
Table 'Arneb' 6-max Seat #1 is the button
Seat 1: orosa (€2.19 in chips) 
Seat 2: marcooliveira99 (€0.32 in chips) 
Seat 3: 1Drazi (€2 in chips) 
Seat 4: 34pluto (€1.02 in chips) 
Seat 5: pipinoelbreve9 (€2.03 in chips) 
Seat 6: marcosbalsaa (€3.30 in chips) 
marcooliveira99: posts small blind €0.01
1Drazi: posts big blind €0.02
*** HOLE CARDS ***
Dealt to pipinoelbreve9 [9s 4h]
34pluto: folds 
pipinoelbreve9: folds 
marcosbalsaa: folds 
orosa: folds 
marcooliveira99: folds 
Uncalled bet (€0.01) returned to 1Drazi
1Drazi collected €0.02 from pot
1Drazi: doesn't show hand 
*** SUMMARY ***
Total pot €0.02 | Rake €0 
Seat 1: orosa (button) folded before Flop (didn't bet)
Seat 2: marcooliveira99 (small blind) folded before Flop
Seat 3: 1Drazi (big blind) collected (€0.02)
Seat 4: 34pluto folded before Flop (didn't bet)
Seat 5: pipinoelbreve9 folded before Flop (didn't bet)
Seat 6: marcosbalsaa folded before Flop (didn't bet)



PokerStars Zoom Hand #257558039259:  Hold'em No Limit (€0.01/€0.02) - 2025/08/31 18:00:16 CET [2025/08/31 12:00:16 ET]
Table 'Arneb' 6-max Seat #1 is the button
Seat 1: pipinoelbreve9 (€2.03 in chips) 
Seat 2: 76jusab76 (€0.88 in chips) 
Seat 3: KillVerlaine (€1.86 in chips) 
Seat 4: maximus_powah (€2.51 in chips) 
Seat 5: AnxoGM (€2.03 in chips) 
Seat 6: masquisiera (€1.03 in chips) 
76jusab76: posts small blind €0.01
KillVerlaine: posts big blind €0.02
*** HOLE CARDS ***
Dealt to pipinoelbreve9 [6c Kh]
maximus_powah: folds 
AnxoGM: raises €0.03 to €0.05
masquisiera: folds 
pipinoelbreve9: folds 
76jusab76: calls €0.04
KillVerlaine: folds 
*** FLOP *** [8s As 9h]
76jusab76: bets €0.02
AnxoGM: calls €0.02
*** TURN *** [8s As 9h] [Td]
76jusab76: bets €0.04
AnxoGM: calls €0.04
*** RIVER *** [8s As 9h Td] [8h]
76jusab76: bets €0.02
AnxoGM: calls €0.02
*** SHOW DOWN ***
76jusab76: shows [5d 5s] (two pair, Eights and Fives)
AnxoGM: shows [Jh Jc] (two pair, Jacks and Eights)
AnxoGM collected €0.27 from pot
*** SUMMARY ***
Total pot €0.28 | Rake €0.01 
Board [8s As 9h Td 8h]
Seat 1: pipinoelbreve9 (button) folded before Flop (didn't bet)
Seat 2: 76jusab76 (small blind) showed [5d 5s] and lost with two pair, Eights and Fives
Seat 3: KillVerlaine (big blind) folded before Flop
Seat 4: maximus_powah folded before Flop (didn't bet)
Seat 5: AnxoGM showed [Jh Jc] and won (€0.27) with two pair, Jacks and Eights
Seat 6: masquisiera folded before Flop (didn't bet)



PokerStars Zoom Hand #257558039955:  Hold'em No Limit (€0.01/€0.02) - 2025/08/31 18:00:21 CET [2025/08/31 12:00:21 ET]
Table 'Arneb' 6-max Seat #1 is the button
Seat 1: Habixxt (€4.56 in chips) 
Seat 2: cuenca10 (€2.10 in chips) 
Seat 3: maximus_powah (€2.51 in chips) 
Seat 4: pipinoelbreve9 (€2.03 in chips) 
Seat 5: orosa (€2 in chips) 
Seat 6: thenry03 (€1.80 in chips) 
cuenca10: posts small blind €0.01
maximus_powah: posts big blind €0.02
*** HOLE CARDS ***
Dealt to pipinoelbreve9 [7d Td]
pipinoelbreve9: folds 
orosa: folds 
thenry03: raises €0.04 to €0.06
Habixxt: folds 
cuenca10: calls €0.05
maximus_powah: folds 
*** FLOP *** [2d Jd 7s]
cuenca10: checks 
thenry03: bets €0.05
cuenca10: calls €0.05
*** TURN *** [2d Jd 7s] [3c]
cuenca10: checks 
thenry03: checks 
*** RIVER *** [2d Jd 7s 3c] [Jc]
cuenca10: bets €0.10
thenry03: calls €0.10
*** SHOW DOWN ***
cuenca10: shows [Qh Js] (three of a kind, Jacks)
thenry03: mucks hand 
cuenca10 collected €0.42 from pot
*** SUMMARY ***
Total pot €0.44 | Rake €0.02 
Board [2d Jd 7s 3c Jc]
Seat 1: Habixxt (button) folded before Flop (didn't bet)
Seat 2: cuenca10 (small blind) showed [Qh Js] and won (€0.42) with three of a kind, Jacks
Seat 3: maximus_powah (big blind) folded before Flop
Seat 4: pipinoelbreve9 folded before Flop (didn't bet)
Seat 5: orosa folded before Flop (didn't bet)
Seat 6: thenry03 mucked [Tc 7c]



PokerStars Zoom Hand #257558044010:  Hold'em No Limit (€0.01/€0.02) - 2025/08/31 18:00:48 CET [2025/08/31 12:00:48 ET]
Table 'Arneb' 6-max Seat #1 is the button
Seat 1: masquisiera (€1.04 in chips) 
Seat 2: vayewis (€2.37 in chips) 
Seat 3: pipinoelbreve9 (€2.03 in chips) 
Seat 4: NEMOXYX (€2.23 in chips) 
Seat 5: 1Drazi (€3.38 in chips) 
Seat 6: monsieur881 (€1.56 in chips) 
vayewis: posts small blind €0.01
pipinoelbreve9: posts big blind €0.02
*** HOLE CARDS ***
Dealt to pipinoelbreve9 [9c Ts]
NEMOXYX: folds 
1Drazi: folds 
monsieur881: folds 
masquisiera: folds 
vayewis: folds 
Uncalled bet (€0.01) returned to pipinoelbreve9
pipinoelbreve9 collected €0.02 from pot
pipinoelbreve9: doesn't show hand 
*** SUMMARY ***
Total pot €0.02 | Rake €0 
Seat 1: masquisiera (button) folded before Flop (didn't bet)
Seat 2: vayewis (small blind) folded before Flop
Seat 3: pipinoelbreve9 (big blind) collected (€0.02)
Seat 4: NEMOXYX folded before Flop (didn't bet)
Seat 5: 1Drazi folded before Flop (didn't bet)
Seat 6: monsieur881 folded before Flop (didn't bet)



PokerStars Zoom Hand #257558045379:  Hold'em No Limit (€0.01/€0.02) - 2025/08/31 18:00:56 CET [2025/08/31 12:00:56 ET]
Table 'Arneb' 6-max Seat #1 is the button
Seat 1: 1Drazi (€2 in chips) 
Seat 2: pipinoelbreve9 (€2.04 in chips) 
Seat 3: marcosbalsaa (€4.68 in chips) 
Seat 4: NEMOXYX (€2.23 in chips) 
Seat 5: Chendoteam (€2.52 in chips) 
Seat 6: abmarc99 (€0.93 in chips) 
pipinoelbreve9: posts small blind €0.01
marcosbalsaa: posts big blind €0.02
*** HOLE CARDS ***
Dealt to pipinoelbreve9 [7h 7s]
NEMOXYX: folds 
Chendoteam: folds 
abmarc99: raises €0.02 to €0.04
1Drazi: folds 
pipinoelbreve9: raises €0.10 to €0.14
marcosbalsaa: folds 
abmarc99: folds 
Uncalled bet (€0.10) returned to pipinoelbreve9
pipinoelbreve9 collected €0.10 from pot
pipinoelbreve9: doesn't show hand 
*** SUMMARY ***
Total pot €0.10 | Rake €0 
Seat 1: 1Drazi (button) folded before Flop (didn't bet)
Seat 2: pipinoelbreve9 (small blind) collected (€0.10)
Seat 3: marcosbalsaa (big blind) folded before Flop
Seat 4: NEMOXYX folded before Flop (didn't bet)
Seat 5: Chendoteam folded before Flop (didn't bet)
Seat 6: abmarc99 folded before Flop



PokerStars Zoom Hand #257558043195:  Hold'em No Limit (€0.01/€0.02) - 2025/08/31 18:00:42 CET [2025/08/31 12:00:42 ET]
Table 'Arneb' 6-max Seat #1 is the button
Seat 1: combinius1 (€2.14 in chips) 
Seat 2: 77samuel33 (€4.05 in chips) 
Seat 3: masquisiera (€1.18 in chips) 
Seat 4: pipinoelbreve9 (€2.03 in chips) 
Seat 5: critsio (€1.56 in chips) 
Seat 6: orosa (€2 in chips) 
77samuel33: posts small blind €0.01
masquisiera: posts big blind €0.02
*** HOLE CARDS ***
Dealt to pipinoelbreve9 [3c 6h]
pipinoelbreve9: folds 
critsio: calls €0.02
orosa: folds 
combinius1: raises €0.08 to €0.10
77samuel33: folds 
masquisiera: folds 
critsio: calls €0.08
*** FLOP *** [5h Qd 4s]
critsio: checks 
combinius1: bets €0.07
critsio: folds 
Uncalled bet (€0.07) returned to combinius1
combinius1 collected €0.22 from pot
combinius1: doesn't show hand 
*** SUMMARY ***
Total pot €0.23 | Rake €0.01 
Board [5h Qd 4s]
Seat 1: combinius1 (button) collected (€0.22)
Seat 2: 77samuel33 (small blind) folded before Flop
Seat 3: masquisiera (big blind) folded before Flop
Seat 4: pipinoelbreve9 folded before Flop (didn't bet)
Seat 5: critsio folded on the Flop
Seat 6: orosa folded before Flop (didn't bet)



PokerStars Zoom Hand #257558041706:  Hold'em No Limit (€0.01/€0.02) - 2025/08/31 18:00:33 CET [2025/08/31 12:00:33 ET]
Table 'Arneb' 6-max Seat #1 is the button
Seat 1: orosa (€2 in chips) 
Seat 2: marcosbalsaa (€4.69 in chips) 
Seat 3: 34pluto (€1.02 in chips) 
Seat 4: eric stl 196 (€0.96 in chips) 
Seat 5: PrendsCa (€2 in chips) 
Seat 6: pipinoelbreve9 (€2.03 in chips) 
marcosbalsaa: posts small blind €0.01
34pluto: posts big blind €0.02
*** HOLE CARDS ***
Dealt to pipinoelbreve9 [As Th]
eric stl 196: raises €0.02 to €0.04
PrendsCa: folds 
pipinoelbreve9: folds 
orosa: folds 
marcosbalsaa: folds 
34pluto: raises €0.09 to €0.13
eric stl 196: calls €0.09
*** FLOP *** [7s Jc 6h]
34pluto: checks 
eric stl 196: bets €0.26
34pluto: raises €0.63 to €0.89 and is all-in
eric stl 196: calls €0.57 and is all-in
Uncalled bet (€0.06) returned to 34pluto
*** TURN *** [7s Jc 6h] [9c]
*** RIVER *** [7s Jc 6h 9c] [3c]
*** SHOW DOWN ***
34pluto: shows [Kh Kc] (a pair of Kings)
eric stl 196: shows [Jd Ks] (a pair of Jacks)
34pluto collected €1.83 from pot
*** SUMMARY ***
Total pot €1.93 | Rake €0.10 
Board [7s Jc 6h 9c 3c]
Seat 1: orosa (button) folded before Flop (didn't bet)
Seat 2: marcosbalsaa (small blind) folded before Flop
Seat 3: 34pluto (big blind) showed [Kh Kc] and won (€1.83) with a pair of Kings
Seat 4: eric stl 196 showed [Jd Ks] and lost with a pair of Jacks
Seat 5: PrendsCa folded before Flop (didn't bet)
Seat 6: pipinoelbreve9 folded before Flop (didn't bet)



PokerStars Zoom Hand #257558048112:  Hold'em No Limit (€0.01/€0.02) - 2025/08/31 18:01:13 CET [2025/08/31 12:01:13 ET]
Table 'Arneb' 6-max Seat #1 is the button
Seat 1: pipinoelbreve9 (€2.10 in chips) 
Seat 2: maximus_powah (€2.26 in chips) 
Seat 3: masquisiera (€1.03 in chips) 
Seat 4: NotClaudio1 (€3.57 in chips) 
Seat 5: orosa (€3.16 in chips) 
Seat 6: abmarc99 (€1.67 in chips) 
maximus_powah: posts small blind €0.01
masquisiera: posts big blind €0.02
*** HOLE CARDS ***
Dealt to pipinoelbreve9 [4c Tc]
NotClaudio1: folds 
orosa: folds 
abmarc99: folds 
pipinoelbreve9: folds 
maximus_powah: raises €0.04 to €0.06
masquisiera: folds 
Uncalled bet (€0.04) returned to maximus_powah
maximus_powah collected €0.04 from pot
maximus_powah: doesn't show hand 
*** SUMMARY ***
Total pot €0.04 | Rake €0 
Seat 1: pipinoelbreve9 (button) folded before Flop (didn't bet)
Seat 2: maximus_powah (small blind) collected (€0.04)
Seat 3: masquisiera (big blind) folded before Flop
Seat 4: NotClaudio1 folded before Flop (didn't bet)
Seat 5: orosa folded before Flop (didn't bet)
Seat 6: abmarc99 folded before Flop (didn't bet)



PokerStars Zoom Hand #257558052291:  Hold'em No Limit (€0.01/€0.02) - 2025/08/31 18:01:35 CET [2025/08/31 12:01:35 ET]
Table 'Arneb' 6-max Seat #1 is the button
Seat 1: dragonfly2467 (€2.19 in chips) 
Seat 2: maximus_powah (€5.41 in chips) 
Seat 3: AnxoGM (€2.06 in chips) 
Seat 4: NEMOXYX (€2.23 in chips) 
Seat 5: PrendsCa (€2 in chips) 
Seat 6: pipinoelbreve9 (€2.10 in chips) 
maximus_powah: posts small blind €0.01
AnxoGM: posts big blind €0.02
*** HOLE CARDS ***
Dealt to pipinoelbreve9 [Kc 4d]
NEMOXYX: folds 
PrendsCa: folds 
pipinoelbreve9: folds 
dragonfly2467: raises €0.04 to €0.06
maximus_powah: folds 
AnxoGM: folds 
Uncalled bet (€0.04) returned to dragonfly2467
dragonfly2467 collected €0.05 from pot
dragonfly2467: doesn't show hand 
*** SUMMARY ***
Total pot €0.05 | Rake €0 
Seat 1: dragonfly2467 (button) collected (€0.05)
Seat 2: maximus_powah (small blind) folded before Flop
Seat 3: AnxoGM (big blind) folded before Flop
Seat 4: NEMOXYX folded before Flop (didn't bet)
Seat 5: PrendsCa folded before Flop (didn't bet)
Seat 6: pipinoelbreve9 folded before Flop (didn't bet)



PokerStars Zoom Hand #257558050620:  Hold'em No Limit (€0.01/€0.02) - 2025/08/31 18:01:26 CET [2025/08/31 12:01:26 ET]
Table 'Arneb' 6-max Seat #1 is the button
Seat 1: marcooliveira99 (€0.32 in chips) 
Seat 2: combinius1 (€2.26 in chips) 
Seat 3: masquisiera (€1.15 in chips) 
Seat 4: NEMOXYX (€2.24 in chips) 
Seat 5: pipinoelbreve9 (€2.10 in chips) 
Seat 6: marcosbalsaa (€4.66 in chips) 
combinius1: posts small blind €0.01
masquisiera: posts big blind €0.02
*** HOLE CARDS ***
Dealt to pipinoelbreve9 [Qc Td]
NEMOXYX: folds 
pipinoelbreve9: folds 
marcosbalsaa: raises €0.04 to €0.06
marcooliveira99: raises €0.26 to €0.32 and is all-in
combinius1: folds 
masquisiera: folds 
marcosbalsaa: folds 
Uncalled bet (€0.26) returned to marcooliveira99
marcooliveira99 collected €0.15 from pot
marcooliveira99: doesn't show hand 
*** SUMMARY ***
Total pot €0.15 | Rake €0 
Seat 1: marcooliveira99 (button) collected (€0.15)
Seat 2: combinius1 (small blind) folded before Flop
Seat 3: masquisiera (big blind) folded before Flop
Seat 4: NEMOXYX folded before Flop (didn't bet)
Seat 5: pipinoelbreve9 folded before Flop (didn't bet)
Seat 6: marcosbalsaa folded before Flop



PokerStars Zoom Hand #257558053045:  Hold'em No Limit (€0.01/€0.02) - 2025/08/31 18:01:40 CET [2025/08/31 12:01:40 ET]
Table 'Arneb' 6-max Seat #1 is the button
Seat 1: MagicGitox (€1.35 in chips) 
Seat 2: abmarc99 (€1.65 in chips) 
Seat 3: pipinoelbreve9 (€2.10 in chips) 
Seat 4: spain229 (€1.79 in chips) 
Seat 5: orosa (€2.22 in chips) 
Seat 6: 1Drazi (€3.35 in chips) 
abmarc99: posts small blind €0.01
pipinoelbreve9: posts big blind €0.02
*** HOLE CARDS ***
Dealt to pipinoelbreve9 [7h 9s]
spain229: folds 
orosa: folds 
1Drazi: folds 
MagicGitox has timed out
MagicGitox: folds 
abmarc99: folds 
Uncalled bet (€0.01) returned to pipinoelbreve9
pipinoelbreve9 collected €0.02 from pot
pipinoelbreve9: doesn't show hand 
*** SUMMARY ***
Total pot €0.02 | Rake €0 
Seat 1: MagicGitox (button) folded before Flop (didn't bet)
Seat 2: abmarc99 (small blind) folded before Flop
Seat 3: pipinoelbreve9 (big blind) collected (€0.02)
Seat 4: spain229 folded before Flop (didn't bet)
Seat 5: orosa folded before Flop (didn't bet)
Seat 6: 1Drazi folded before Flop (didn't bet)



PokerStars Zoom Hand #257558051485:  Hold'em No Limit (€0.01/€0.02) - 2025/08/31 18:01:31 CET [2025/08/31 12:01:31 ET]
Table 'Arneb' 6-max Seat #1 is the button
Seat 1: pipinoelbreve9 (€2.10 in chips) 
Seat 2: As a Devil (€2.12 in chips) 
Seat 3: marcosbalsaa (€3.58 in chips) 
Seat 4: masquisiera (€1.14 in chips) 
Seat 5: pablosua (€1.15 in chips) 
Seat 6: PrendsCa (€2 in chips) 
As a Devil: posts small blind €0.01
marcosbalsaa: posts big blind €0.02
*** HOLE CARDS ***
Dealt to pipinoelbreve9 [Tc 4s]
masquisiera: folds 
pablosua: calls €0.02
PrendsCa: folds 
pipinoelbreve9: folds 
As a Devil: calls €0.01
marcosbalsaa: checks 
*** FLOP *** [5h Qh 3c]
As a Devil: checks 
marcosbalsaa: checks 
pablosua: checks 
*** TURN *** [5h Qh 3c] [7h]
As a Devil: checks 
marcosbalsaa: checks 
pablosua: checks 
*** RIVER *** [5h Qh 3c 7h] [Td]
As a Devil: bets €0.04
marcosbalsaa: folds 
pablosua: folds 
Uncalled bet (€0.04) returned to As a Devil
As a Devil collected €0.06 from pot
As a Devil: doesn't show hand 
*** SUMMARY ***
Total pot €0.06 | Rake €0 
Board [5h Qh 3c 7h Td]
Seat 1: pipinoelbreve9 (button) folded before Flop (didn't bet)
Seat 2: As a Devil (small blind) collected (€0.06)
Seat 3: marcosbalsaa (big blind) folded on the River
Seat 4: masquisiera folded before Flop (didn't bet)
Seat 5: pablosua folded on the River
Seat 6: PrendsCa folded before Flop (didn't bet)



PokerStars Zoom Hand #257558056966:  Hold'em No Limit (€0.01/€0.02) - 2025/08/31 18:01:59 CET [2025/08/31 12:01:59 ET]
Table 'Arneb' 6-max Seat #1 is the button
Seat 1: maximus_powah (€2.26 in chips) 
Seat 2: pipinoelbreve9 (€2.11 in chips) 
Seat 3: serviettski(fr) (€2.61 in chips) 
Seat 4: DeividBox980 (€1 in chips) 
Seat 5: 77samuel33 (€2.80 in chips) 
Seat 6: AnxoGM (€3.11 in chips) 
pipinoelbreve9: posts small blind €0.01
serviettski(fr): posts big blind €0.02
*** HOLE CARDS ***
Dealt to pipinoelbreve9 [8s 2d]
DeividBox980: raises €0.04 to €0.06
77samuel33: folds 
AnxoGM: folds 
maximus_powah: folds 
pipinoelbreve9: folds 
serviettski(fr): folds 
Uncalled bet (€0.04) returned to DeividBox980
DeividBox980 collected €0.05 from pot
DeividBox980: doesn't show hand 
*** SUMMARY ***
Total pot €0.05 | Rake €0 
Seat 1: maximus_powah (button) folded before Flop (didn't bet)
Seat 2: pipinoelbreve9 (small blind) folded before Flop
Seat 3: serviettski(fr) (big blind) folded before Flop
Seat 4: DeividBox980 collected (€0.05)
Seat 5: 77samuel33 folded before Flop (didn't bet)
Seat 6: AnxoGM folded before Flop (didn't bet)



PokerStars Zoom Hand #257558058480:  Hold'em No Limit (€0.01/€0.02) - 2025/08/31 18:02:05 CET [2025/08/31 12:02:05 ET]
Table 'Arneb' 6-max Seat #1 is the button
Seat 1: NEMOXYX (€2.20 in chips) 
Seat 2: ehbraga (€0.33 in chips) 
Seat 3: MagicGitox (€1.35 in chips) 
Seat 4: marcooliveira99 (€0.41 in chips) 
Seat 5: poteaarte (€1.97 in chips) 
Seat 6: pipinoelbreve9 (€2.10 in chips) 
ehbraga: posts small blind €0.01
MagicGitox: posts big blind €0.02
*** HOLE CARDS ***
Dealt to pipinoelbreve9 [3h 6d]
marcooliveira99: folds 
poteaarte: folds 
pipinoelbreve9: folds 
NEMOXYX: folds 
ehbraga: raises €0.31 to €0.33 and is all-in
MagicGitox: folds 
Uncalled bet (€0.31) returned to ehbraga
ehbraga collected €0.04 from pot
ehbraga: doesn't show hand 
*** SUMMARY ***
Total pot €0.04 | Rake €0 
Seat 1: NEMOXYX (button) folded before Flop (didn't bet)
Seat 2: ehbraga (small blind) collected (€0.04)
Seat 3: MagicGitox (big blind) folded before Flop
Seat 4: marcooliveira99 folded before Flop (didn't bet)
Seat 5: poteaarte folded before Flop (didn't bet)
Seat 6: pipinoelbreve9 folded before Flop (didn't bet)



PokerStars Zoom Hand #257558060043:  Hold'em No Limit (€0.01/€0.02) - 2025/08/31 18:02:11 CET [2025/08/31 12:02:11 ET]
Table 'Arneb' 6-max Seat #1 is the button
Seat 1: orosa (€2 in chips) 
Seat 2: NotClaudio1 (€3.26 in chips) 
Seat 3: cuenca10 (€2.28 in chips) 
Seat 4: spain229 (€1.76 in chips) 
Seat 5: pipinoelbreve9 (€2.10 in chips) 
Seat 6: 34pluto (€1.86 in chips) 
NotClaudio1: posts small blind €0.01
cuenca10: posts big blind €0.02
*** HOLE CARDS ***
Dealt to pipinoelbreve9 [As 7d]
spain229: folds 
pipinoelbreve9: folds 
34pluto has timed out
34pluto: folds 
orosa: folds 
NotClaudio1: raises €0.05 to €0.07
cuenca10: folds 
Uncalled bet (€0.05) returned to NotClaudio1
NotClaudio1 collected €0.04 from pot
NotClaudio1: doesn't show hand 
*** SUMMARY ***
Total pot €0.04 | Rake €0 
Seat 1: orosa (button) folded before Flop (didn't bet)
Seat 2: NotClaudio1 (small blind) collected (€0.04)
Seat 3: cuenca10 (big blind) folded before Flop
Seat 4: spain229 folded before Flop (didn't bet)
Seat 5: pipinoelbreve9 folded before Flop (didn't bet)
Seat 6: 34pluto folded before Flop (didn't bet)



PokerStars Zoom Hand #257558061048:  Hold'em No Limit (€0.01/€0.02) - 2025/08/31 18:02:17 CET [2025/08/31 12:02:17 ET]
Table 'Arneb' 6-max Seat #1 is the button
Seat 1: vayewis (€2.60 in chips) 
Seat 2: AnxoGM (€3.11 in chips) 
Seat 3: iam_xCidx (€2.88 in chips) 
Seat 4: pipinoelbreve9 (€2.10 in chips) 
Seat 5: K4K1 (€2.19 in chips) 
Seat 6: pisuleto (€3.60 in chips) 
AnxoGM: posts small blind €0.01
iam_xCidx: posts big blind €0.02
*** HOLE CARDS ***
Dealt to pipinoelbreve9 [Js Ts]
pipinoelbreve9: raises €0.04 to €0.06
K4K1: raises €0.15 to €0.21
pisuleto: folds 
vayewis: calls €0.21
AnxoGM: folds 
iam_xCidx: raises €0.70 to €0.91
pipinoelbreve9: calls €0.85
K4K1: raises €1.28 to €2.19 and is all-in
vayewis: folds 
iam_xCidx: calls €1.28
pipinoelbreve9: calls €1.19 and is all-in
*** FLOP *** [9c 2h 4d]
*** TURN *** [9c 2h 4d] [2d]
*** RIVER *** [9c 2h 4d 2d] [2s]
*** SHOW DOWN ***
iam_xCidx: shows [Ks As] (three of a kind, Deuces)
K4K1: shows [Kh Ah] (three of a kind, Deuces)
iam_xCidx collected €0.09 from side pot
K4K1 collected €0.09 from side pot
pipinoelbreve9: shows [Js Ts] (three of a kind, Deuces - lower kicker)
iam_xCidx collected €3.14 from main pot
K4K1 collected €3.13 from main pot
*** SUMMARY ***
Total pot €6.70 Main pot €6.27. Side pot €0.18. | Rake €0.25 
Board [9c 2h 4d 2d 2s]
Seat 1: vayewis (button) folded before Flop
Seat 2: AnxoGM (small blind) folded before Flop
Seat 3: iam_xCidx (big blind) showed [Ks As] and won (€3.23) with three of a kind, Deuces
Seat 4: pipinoelbreve9 showed [Js Ts] and lost with three of a kind, Deuces
Seat 5: K4K1 showed [Kh Ah] and won (€3.22) with three of a kind, Deuces
Seat 6: pisuleto folded before Flop (didn't bet)



