PokerStars Zoom Hand #257937043925:  Hold'em No Limit (€0.05/€0.10) - 2025/09/29 21:22:32 CET [2025/09/29 15:22:32 ET]
Table 'Caph' 6-max Seat #1 is the button
Seat 1: wodetian (€37.20 in chips) 
Seat 2: edurneimpoker (€9.60 in chips) 
Seat 3: pipinoelbreve9 (€10 in chips) 
Seat 4: xhadd (€7.39 in chips) 
Seat 5: JAM.FCM (€7.32 in chips) 
Seat 6: azu2004 (€32.33 in chips) 
edurneimpoker: posts small blind €0.05
pipinoelbreve9: posts big blind €0.10
*** HOLE CARDS ***
Dealt to pipinoelbreve9 [As 2s]
xhadd: folds 
JAM.FCM: folds 
azu2004: calls €0.10
wodetian: folds 
edurneimpoker: folds 
pipinoelbreve9: raises €0.40 to €0.50
azu2004: calls €0.40
*** FLOP *** [6h 7d Ah]
pipinoelbreve9: bets €0.33
azu2004: folds 
Uncalled bet (€0.33) returned to pipinoelbreve9
pipinoelbreve9 collected €1 from pot
pipinoelbreve9: doesn't show hand 
*** SUMMARY ***
Total pot €1.05 | Rake €0.05 
Board [6h 7d Ah]
Seat 1: wodetian (button) folded before Flop (didn't bet)
Seat 2: edurneimpoker (small blind) folded before Flop
Seat 3: pipinoelbreve9 (big blind) collected (€1)
Seat 4: xhadd folded before Flop (didn't bet)
Seat 5: JAM.FCM folded before Flop (didn't bet)
Seat 6: azu2004 folded on the Flop



PokerStars Zoom Hand #257937052771:  Hold'em No Limit (€0.05/€0.10) - 2025/09/29 21:23:02 CET [2025/09/29 15:23:02 ET]
Table 'Caph' 6-max Seat #1 is the button
Seat 1: TURRKKISH (€9.89 in chips) 
Seat 2: pipinoelbreve9 (€10.50 in chips) 
Seat 3: nordin153 (€8.23 in chips) 
Seat 4: FllanosB (€24.60 in chips) 
Seat 5: IRIS7577 (€10.17 in chips) 
Seat 6: torp35 (€8.76 in chips) 
pipinoelbreve9: posts small blind €0.05
nordin153: posts big blind €0.10
*** HOLE CARDS ***
Dealt to pipinoelbreve9 [2s Qh]
FllanosB: folds 
IRIS7577: folds 
torp35: folds 
TURRKKISH: folds 
pipinoelbreve9: folds 
Uncalled bet (€0.05) returned to nordin153
nordin153 collected €0.10 from pot
nordin153: doesn't show hand 
*** SUMMARY ***
Total pot €0.10 | Rake €0 
Seat 1: TURRKKISH (button) folded before Flop (didn't bet)
Seat 2: pipinoelbreve9 (small blind) folded before Flop
Seat 3: nordin153 (big blind) collected (€0.10)
Seat 4: FllanosB folded before Flop (didn't bet)
Seat 5: IRIS7577 folded before Flop (didn't bet)
Seat 6: torp35 folded before Flop (didn't bet)



PokerStars Zoom Hand #257937054500:  Hold'em No Limit (€0.05/€0.10) - 2025/09/29 21:23:08 CET [2025/09/29 15:23:08 ET]
Table 'Caph' 6-max Seat #1 is the button
Seat 1: pipinoelbreve9 (€10.45 in chips) 
Seat 2: Nikl2019 (€8.05 in chips) 
Seat 3: azu2004 (€31.83 in chips) 
Seat 4: Coldeu (€11.35 in chips) 
Seat 5: wouziwouza (€27.91 in chips) 
Seat 6: jbf12345678 (€10.95 in chips) 
Nikl2019: posts small blind €0.05
azu2004: posts big blind €0.10
*** HOLE CARDS ***
Dealt to pipinoelbreve9 [Ad 9s]
Coldeu: folds 
wouziwouza: folds 
jbf12345678: raises €0.15 to €0.25
pipinoelbreve9: folds 
Nikl2019: folds 
azu2004: folds 
Uncalled bet (€0.15) returned to jbf12345678
jbf12345678 collected €0.25 from pot
jbf12345678: doesn't show hand 
*** SUMMARY ***
Total pot €0.25 | Rake €0 
Seat 1: pipinoelbreve9 (button) folded before Flop (didn't bet)
Seat 2: Nikl2019 (small blind) folded before Flop
Seat 3: azu2004 (big blind) folded before Flop
Seat 4: Coldeu folded before Flop (didn't bet)
Seat 5: wouziwouza folded before Flop (didn't bet)
Seat 6: jbf12345678 collected (€0.25)



PokerStars Zoom Hand #257937056556:  Hold'em No Limit (€0.05/€0.10) - 2025/09/29 21:23:15 CET [2025/09/29 15:23:15 ET]
Table 'Caph' 6-max Seat #1 is the button
Seat 1: el+fishdto2s (€4.29 in chips) 
Seat 2: Angelfs7 (€10.05 in chips) 
Seat 3: wodetian (€14.59 in chips) 
Seat 4: richdog2560 (€16.26 in chips) 
Seat 5: lagasalahaga (€10.59 in chips) 
Seat 6: pipinoelbreve9 (€10.45 in chips) 
Angelfs7: posts small blind €0.05
wodetian: posts big blind €0.10
*** HOLE CARDS ***
Dealt to pipinoelbreve9 [4c Kh]
richdog2560: folds 
lagasalahaga: folds 
pipinoelbreve9: folds 
el+fishdto2s: raises €0.15 to €0.25
Angelfs7: folds 
wodetian: folds 
Uncalled bet (€0.15) returned to el+fishdto2s
el+fishdto2s collected €0.25 from pot
el+fishdto2s: doesn't show hand 
*** SUMMARY ***
Total pot €0.25 | Rake €0 
Seat 1: el+fishdto2s (button) collected (€0.25)
Seat 2: Angelfs7 (small blind) folded before Flop
Seat 3: wodetian (big blind) folded before Flop
Seat 4: richdog2560 folded before Flop (didn't bet)
Seat 5: lagasalahaga folded before Flop (didn't bet)
Seat 6: pipinoelbreve9 folded before Flop (didn't bet)



PokerStars Zoom Hand #257937057778:  Hold'em No Limit (€0.05/€0.10) - 2025/09/29 21:23:19 CET [2025/09/29 15:23:19 ET]
Table 'Caph' 6-max Seat #1 is the button
Seat 1: JLL1929 (€10 in chips) 
Seat 2: SuperPiña2 (€10.32 in chips) 
Seat 3: allinfinity (€10 in chips) 
Seat 4: FllanosB (€24.55 in chips) 
Seat 5: pipinoelbreve9 (€10.45 in chips) 
Seat 6: zekidd4 (€5.11 in chips) 
SuperPiña2: posts small blind €0.05
allinfinity: posts big blind €0.10
*** HOLE CARDS ***
Dealt to pipinoelbreve9 [Jc Ac]
FllanosB: folds 
pipinoelbreve9: raises €0.20 to €0.30
zekidd4: folds 
JLL1929: folds 
SuperPiña2: calls €0.25
allinfinity: calls €0.20
*** FLOP *** [5h Kd Ks]
SuperPiña2: checks 
allinfinity: checks 
pipinoelbreve9: bets €0.20
SuperPiña2: folds 
allinfinity: calls €0.20
*** TURN *** [5h Kd Ks] [7s]
allinfinity: checks 
pipinoelbreve9: bets €0.80
allinfinity: folds 
Uncalled bet (€0.80) returned to pipinoelbreve9
pipinoelbreve9 collected €1.24 from pot
pipinoelbreve9: doesn't show hand 
*** SUMMARY ***
Total pot €1.30 | Rake €0.06 
Board [5h Kd Ks 7s]
Seat 1: JLL1929 (button) folded before Flop (didn't bet)
Seat 2: SuperPiña2 (small blind) folded on the Flop
Seat 3: allinfinity (big blind) folded on the Turn
Seat 4: FllanosB folded before Flop (didn't bet)
Seat 5: pipinoelbreve9 collected (€1.24)
Seat 6: zekidd4 folded before Flop (didn't bet)



PokerStars Zoom Hand #257937075762:  Hold'em No Limit (€0.05/€0.10) - 2025/09/29 21:24:21 CET [2025/09/29 15:24:21 ET]
Table 'Caph' 6-max Seat #1 is the button
Seat 1: el+fishdto2s (€4.44 in chips) 
Seat 2: mattar212 (€6.63 in chips) 
Seat 3: SuperPiña2 (€10.02 in chips) 
Seat 4: Bitterman_1981 (€10.71 in chips) 
Seat 5: pipinoelbreve9 (€11.19 in chips) 
Seat 6: wodetian (€16.93 in chips) 
mattar212: posts small blind €0.05
SuperPiña2: posts big blind €0.10
*** HOLE CARDS ***
Dealt to pipinoelbreve9 [As Th]
Bitterman_1981: folds 
pipinoelbreve9: raises €0.20 to €0.30
wodetian: folds 
el+fishdto2s: folds 
mattar212: folds 
SuperPiña2: calls €0.20
*** FLOP *** [9c 5s 2h]
SuperPiña2: checks 
pipinoelbreve9: checks 
*** TURN *** [9c 5s 2h] [Td]
SuperPiña2: checks 
pipinoelbreve9: bets €0.50
SuperPiña2: folds 
Uncalled bet (€0.50) returned to pipinoelbreve9
pipinoelbreve9 collected €0.62 from pot
pipinoelbreve9: doesn't show hand 
*** SUMMARY ***
Total pot €0.65 | Rake €0.03 
Board [9c 5s 2h Td]
Seat 1: el+fishdto2s (button) folded before Flop (didn't bet)
Seat 2: mattar212 (small blind) folded before Flop
Seat 3: SuperPiña2 (big blind) folded on the Turn
Seat 4: Bitterman_1981 folded before Flop (didn't bet)
Seat 5: pipinoelbreve9 collected (€0.62)
Seat 6: wodetian folded before Flop (didn't bet)



PokerStars Zoom Hand #257937092440:  Hold'em No Limit (€0.05/€0.10) - 2025/09/29 21:25:18 CET [2025/09/29 15:25:18 ET]
Table 'Caph' 6-max Seat #1 is the button
Seat 1: Miguelx1978 (€5.65 in chips) 
Seat 2: el+fishdto2s (€5.43 in chips) 
Seat 3: richdog2560 (€11.14 in chips) 
Seat 4: pipinoelbreve9 (€11.51 in chips) 
Seat 5: ehbraga (€7.80 in chips) 
Seat 6: WaNtEd_o0 (€4.96 in chips) 
el+fishdto2s: posts small blind €0.05
richdog2560: posts big blind €0.10
*** HOLE CARDS ***
Dealt to pipinoelbreve9 [2s 3d]
pipinoelbreve9: folds 
ehbraga: folds 
WaNtEd_o0: folds 
Miguelx1978: folds 
el+fishdto2s: raises €0.20 to €0.30
richdog2560: folds 
Uncalled bet (€0.20) returned to el+fishdto2s
el+fishdto2s collected €0.20 from pot
el+fishdto2s: doesn't show hand 
*** SUMMARY ***
Total pot €0.20 | Rake €0 
Seat 1: Miguelx1978 (button) folded before Flop (didn't bet)
Seat 2: el+fishdto2s (small blind) collected (€0.20)
Seat 3: richdog2560 (big blind) folded before Flop
Seat 4: pipinoelbreve9 folded before Flop (didn't bet)
Seat 5: ehbraga folded before Flop (didn't bet)
Seat 6: WaNtEd_o0 folded before Flop (didn't bet)



PokerStars Zoom Hand #257937093511:  Hold'em No Limit (€0.05/€0.10) - 2025/09/29 21:25:22 CET [2025/09/29 15:25:22 ET]
Table 'Caph' 6-max Seat #1 is the button
Seat 1: alexmls3 (€11.60 in chips) 
Seat 2: pipinoelbreve9 (€11.51 in chips) 
Seat 3: wodetian (€22.03 in chips) 
Seat 4: JLL1929 (€10 in chips) 
Seat 5: LuisCesarQB (€14.87 in chips) 
Seat 6: 2Jm2 (€15.17 in chips) 
pipinoelbreve9: posts small blind €0.05
wodetian: posts big blind €0.10
*** HOLE CARDS ***
Dealt to pipinoelbreve9 [As 9s]
JLL1929: folds 
LuisCesarQB: folds 
2Jm2: folds 
alexmls3: folds 
pipinoelbreve9: raises €0.20 to €0.30
wodetian: folds 
Uncalled bet (€0.20) returned to pipinoelbreve9
pipinoelbreve9 collected €0.20 from pot
pipinoelbreve9: doesn't show hand 
*** SUMMARY ***
Total pot €0.20 | Rake €0 
Seat 1: alexmls3 (button) folded before Flop (didn't bet)
Seat 2: pipinoelbreve9 (small blind) collected (€0.20)
Seat 3: wodetian (big blind) folded before Flop
Seat 4: JLL1929 folded before Flop (didn't bet)
Seat 5: LuisCesarQB folded before Flop (didn't bet)
Seat 6: 2Jm2 folded before Flop (didn't bet)



PokerStars Zoom Hand #257937099875:  Hold'em No Limit (€0.05/€0.10) - 2025/09/29 21:25:43 CET [2025/09/29 15:25:43 ET]
Table 'Caph' 6-max Seat #1 is the button
Seat 1: Bitterman_1981 (€9.57 in chips) 
Seat 2: daylo23 (€9.93 in chips) 
Seat 3: pipinoelbreve9 (€11.61 in chips) 
Seat 4: ivanbody (€10 in chips) 
Seat 5: loicman66 (€3.97 in chips) 
Seat 6: SuperPiña2 (€10 in chips) 
daylo23: posts small blind €0.05
pipinoelbreve9: posts big blind €0.10
*** HOLE CARDS ***
Dealt to pipinoelbreve9 [Td 4c]
ivanbody: folds 
loicman66: folds 
SuperPiña2: folds 
Bitterman_1981: folds 
daylo23: raises €0.15 to €0.25
pipinoelbreve9: folds 
Uncalled bet (€0.15) returned to daylo23
daylo23 collected €0.20 from pot
daylo23: doesn't show hand 
*** SUMMARY ***
Total pot €0.20 | Rake €0 
Seat 1: Bitterman_1981 (button) folded before Flop (didn't bet)
Seat 2: daylo23 (small blind) collected (€0.20)
Seat 3: pipinoelbreve9 (big blind) folded before Flop
Seat 4: ivanbody folded before Flop (didn't bet)
Seat 5: loicman66 folded before Flop (didn't bet)
Seat 6: SuperPiña2 folded before Flop (didn't bet)



PokerStars Zoom Hand #257937106979:  Hold'em No Limit (€0.05/€0.10) - 2025/09/29 21:26:08 CET [2025/09/29 15:26:08 ET]
Table 'Caph' 6-max Seat #1 is the button
Seat 1: pipinoelbreve9 (€11.51 in chips) 
Seat 2: yakios84 (€3.34 in chips) 
Seat 3: Rsnow77 (€17.76 in chips) 
Seat 4: richdog2560 (€10.35 in chips) 
Seat 5: JLL1929 (€21.57 in chips) 
Seat 6: 4pokereasy (€11.49 in chips) 
yakios84: posts small blind €0.05
Rsnow77: posts big blind €0.10
*** HOLE CARDS ***
Dealt to pipinoelbreve9 [Ah Ks]
richdog2560: folds 
JLL1929: raises €0.20 to €0.30
4pokereasy: folds 
pipinoelbreve9: raises €0.40 to €0.70
yakios84: folds 
Rsnow77 has timed out while disconnected
Rsnow77: folds 
JLL1929: raises €0.40 to €1.10
pipinoelbreve9: calls €0.40
*** FLOP *** [4d 6h 2d]
JLL1929: bets €1.12
pipinoelbreve9: calls €1.12
*** TURN *** [4d 6h 2d] [6c]
JLL1929: checks 
pipinoelbreve9: bets €0.94
JLL1929: raises €18.41 to €19.35 and is all-in
pipinoelbreve9: folds 
Uncalled bet (€18.41) returned to JLL1929
JLL1929 collected €6.15 from pot
JLL1929: doesn't show hand 
*** SUMMARY ***
Total pot €6.47 | Rake €0.32 
Board [4d 6h 2d 6c]
Seat 1: pipinoelbreve9 (button) folded on the Turn
Seat 2: yakios84 (small blind) folded before Flop
Seat 3: Rsnow77 (big blind) folded before Flop
Seat 4: richdog2560 folded before Flop (didn't bet)
Seat 5: JLL1929 collected (€6.15)
Seat 6: 4pokereasy folded before Flop (didn't bet)



PokerStars Zoom Hand #257937144999:  Hold'em No Limit (€0.05/€0.10) - 2025/09/29 21:28:20 CET [2025/09/29 15:28:20 ET]
Table 'Caph' 6-max Seat #1 is the button
Seat 1: Originalbora (€16.60 in chips) 
Seat 2: $juancarraq$ (€6.01 in chips) 
Seat 3: 4pokereasy (€11.78 in chips) 
Seat 4: pipinoelbreve9 (€10 in chips) 
Seat 5: Angelfs7 (€11.22 in chips) 
Seat 6: torp35 (€8.31 in chips) 
$juancarraq$: posts small blind €0.05
4pokereasy: posts big blind €0.10
*** HOLE CARDS ***
Dealt to pipinoelbreve9 [7c Kd]
pipinoelbreve9: folds 
Angelfs7: folds 
torp35: folds 
Originalbora: folds 
$juancarraq$: folds 
Uncalled bet (€0.05) returned to 4pokereasy
4pokereasy collected €0.10 from pot
4pokereasy: doesn't show hand 
*** SUMMARY ***
Total pot €0.10 | Rake €0 
Seat 1: Originalbora (button) folded before Flop (didn't bet)
Seat 2: $juancarraq$ (small blind) folded before Flop
Seat 3: 4pokereasy (big blind) collected (€0.10)
Seat 4: pipinoelbreve9 folded before Flop (didn't bet)
Seat 5: Angelfs7 folded before Flop (didn't bet)
Seat 6: torp35 folded before Flop (didn't bet)



PokerStars Zoom Hand #257937143944:  Hold'em No Limit (€0.05/€0.10) - 2025/09/29 21:28:16 CET [2025/09/29 15:28:16 ET]
Table 'Caph' 6-max Seat #1 is the button
Seat 1: xutataka (€8.16 in chips) 
Seat 2: almogaverr (€10 in chips) 
Seat 3: pobrekenny (€5 in chips) 
Seat 4: richdog2560 (€16.35 in chips) 
Seat 5: 4pokereasy (€11.78 in chips) 
Seat 6: pipinoelbreve9 (€10 in chips) 
almogaverr: posts small blind €0.05
pobrekenny: posts big blind €0.10
*** HOLE CARDS ***
Dealt to pipinoelbreve9 [Td 9c]
richdog2560: folds 
4pokereasy: folds 
pipinoelbreve9: folds 
xutataka: folds 
almogaverr: raises €0.20 to €0.30
pobrekenny: calls €0.20
*** FLOP *** [5h 4c 8h]
almogaverr: checks 
pobrekenny: checks 
*** TURN *** [5h 4c 8h] [9s]
almogaverr: checks 
pobrekenny: checks 
*** RIVER *** [5h 4c 8h 9s] [7d]
almogaverr: checks 
pobrekenny: checks 
*** SHOW DOWN ***
almogaverr: shows [Js Kd] (high card King)
pobrekenny: shows [Kc 9d] (a pair of Nines)
pobrekenny collected €0.57 from pot
*** SUMMARY ***
Total pot €0.60 | Rake €0.03 
Board [5h 4c 8h 9s 7d]
Seat 1: xutataka (button) folded before Flop (didn't bet)
Seat 2: almogaverr (small blind) showed [Js Kd] and lost with high card King
Seat 3: pobrekenny (big blind) showed [Kc 9d] and won (€0.57) with a pair of Nines
Seat 4: richdog2560 folded before Flop (didn't bet)
Seat 5: 4pokereasy folded before Flop (didn't bet)
Seat 6: pipinoelbreve9 folded before Flop (didn't bet)



PokerStars Zoom Hand #257937147316:  Hold'em No Limit (€0.05/€0.10) - 2025/09/29 21:28:28 CET [2025/09/29 15:28:28 ET]
Table 'Caph' 6-max Seat #1 is the button
Seat 1: Nikl2019 (€11.20 in chips) 
Seat 2: 2Jm2 (€15.30 in chips) 
Seat 3: pipinoelbreve9 (€10 in chips) 
Seat 4: ehbraga (€4.20 in chips) 
Seat 5: Joe la Monga (€5.04 in chips) 
Seat 6: alexmls3 (€13.34 in chips) 
2Jm2: posts small blind €0.05
pipinoelbreve9: posts big blind €0.10
*** HOLE CARDS ***
Dealt to pipinoelbreve9 [As Qc]
ehbraga: folds 
Joe la Monga: folds 
alexmls3: folds 
Nikl2019: raises €0.20 to €0.30
2Jm2: folds 
pipinoelbreve9: raises €0.90 to €1.20
Nikl2019: calls €0.90
*** FLOP *** [4s Ks 6c]
pipinoelbreve9: bets €0.70
Nikl2019: calls €0.70
*** TURN *** [4s Ks 6c] [6s]
pipinoelbreve9: bets €2.80
Nikl2019: calls €2.80
*** RIVER *** [4s Ks 6c 6s] [9s]
pipinoelbreve9: bets €5.30 and is all-in
Nikl2019: folds 
Uncalled bet (€5.30) returned to pipinoelbreve9
pipinoelbreve9 collected €8.98 from pot
pipinoelbreve9: doesn't show hand 
*** SUMMARY ***
Total pot €9.45 | Rake €0.47 
Board [4s Ks 6c 6s 9s]
Seat 1: Nikl2019 (button) folded on the River
Seat 2: 2Jm2 (small blind) folded before Flop
Seat 3: pipinoelbreve9 (big blind) collected (€8.98)
Seat 4: ehbraga folded before Flop (didn't bet)
Seat 5: Joe la Monga folded before Flop (didn't bet)
Seat 6: alexmls3 folded before Flop (didn't bet)



PokerStars Zoom Hand #257937146191:  Hold'em No Limit (€0.05/€0.10) - 2025/09/29 21:28:24 CET [2025/09/29 15:28:24 ET]
Table 'Caph' 6-max Seat #1 is the button
Seat 1: daylo23 (€10 in chips) 
Seat 2: Bitterman_1981 (€9.75 in chips) 
Seat 3: eraiser9999 (€11.42 in chips) 
Seat 4: torp35 (€8.31 in chips) 
Seat 5: pipinoelbreve9 (€10 in chips) 
Seat 6: hus ck522 (€4.99 in chips) 
Bitterman_1981: posts small blind €0.05
eraiser9999: posts big blind €0.10
*** HOLE CARDS ***
Dealt to pipinoelbreve9 [Ts 5h]
torp35: folds 
pipinoelbreve9: folds 
hus ck522: folds 
daylo23: raises €0.15 to €0.25
Bitterman_1981: folds 
eraiser9999: calls €0.15
*** FLOP *** [3s 2d 2h]
eraiser9999: checks 
daylo23: checks 
*** TURN *** [3s 2d 2h] [Ks]
eraiser9999: bets €0.20
daylo23: calls €0.20
*** RIVER *** [3s 2d 2h Ks] [Td]
eraiser9999: bets €1.30
daylo23: folds 
Uncalled bet (€1.30) returned to eraiser9999
eraiser9999 collected €0.90 from pot
eraiser9999: doesn't show hand 
*** SUMMARY ***
Total pot €0.95 | Rake €0.05 
Board [3s 2d 2h Ks Td]
Seat 1: daylo23 (button) folded on the River
Seat 2: Bitterman_1981 (small blind) folded before Flop
Seat 3: eraiser9999 (big blind) collected (€0.90)
Seat 4: torp35 folded before Flop (didn't bet)
Seat 5: pipinoelbreve9 folded before Flop (didn't bet)
Seat 6: hus ck522 folded before Flop (didn't bet)



PokerStars Zoom Hand #257937163814:  Hold'em No Limit (€0.05/€0.10) - 2025/09/29 21:29:26 CET [2025/09/29 15:29:26 ET]
Table 'Caph' 6-max Seat #1 is the button
Seat 1: pipinoelbreve9 (€14.23 in chips) 
Seat 2: Bitterman_1981 (€9.60 in chips) 
Seat 3: 4pokereasy (€11.78 in chips) 
Seat 4: WaNtEd_o0 (€5.66 in chips) 
Seat 5: LuisCesarQB (€11.06 in chips) 
Seat 6: FllanosB (€11.37 in chips) 
Bitterman_1981: posts small blind €0.05
4pokereasy: posts big blind €0.10
*** HOLE CARDS ***
Dealt to pipinoelbreve9 [Qd 4h]
WaNtEd_o0: raises €0.10 to €0.20
LuisCesarQB: folds 
FllanosB: folds 
pipinoelbreve9: folds 
Bitterman_1981: folds 
4pokereasy: folds 
Uncalled bet (€0.10) returned to WaNtEd_o0
WaNtEd_o0 collected €0.25 from pot
WaNtEd_o0: doesn't show hand 
*** SUMMARY ***
Total pot €0.25 | Rake €0 
Seat 1: pipinoelbreve9 (button) folded before Flop (didn't bet)
Seat 2: Bitterman_1981 (small blind) folded before Flop
Seat 3: 4pokereasy (big blind) folded before Flop
Seat 4: WaNtEd_o0 collected (€0.25)
Seat 5: LuisCesarQB folded before Flop (didn't bet)
Seat 6: FllanosB folded before Flop (didn't bet)



PokerStars Zoom Hand #257937164867:  Hold'em No Limit (€0.05/€0.10) - 2025/09/29 21:29:30 CET [2025/09/29 15:29:30 ET]
Table 'Caph' 6-max Seat #1 is the button
Seat 1: lagasalahaga (€15.20 in chips) 
Seat 2: Farofias (€5.63 in chips) 
Seat 3: EuLTioBraco (€10.15 in chips) 
Seat 4: pipinoelbreve9 (€14.23 in chips) 
Seat 5: Angelfs7 (€11 in chips) 
Seat 6: 4pokereasy (€11.68 in chips) 
Farofias: posts small blind €0.05
EuLTioBraco: posts big blind €0.10
*** HOLE CARDS ***
Dealt to pipinoelbreve9 [As Jd]
pipinoelbreve9: raises €0.20 to €0.30
Angelfs7: folds 
4pokereasy: folds 
lagasalahaga: folds 
Farofias: folds 
EuLTioBraco: folds 
Uncalled bet (€0.20) returned to pipinoelbreve9
pipinoelbreve9 collected €0.25 from pot
pipinoelbreve9: doesn't show hand 
*** SUMMARY ***
Total pot €0.25 | Rake €0 
Seat 1: lagasalahaga (button) folded before Flop (didn't bet)
Seat 2: Farofias (small blind) folded before Flop
Seat 3: EuLTioBraco (big blind) folded before Flop
Seat 4: pipinoelbreve9 collected (€0.25)
Seat 5: Angelfs7 folded before Flop (didn't bet)
Seat 6: 4pokereasy folded before Flop (didn't bet)



PokerStars Zoom Hand #257937162464:  Hold'em No Limit (€0.05/€0.10) - 2025/09/29 21:29:21 CET [2025/09/29 15:29:21 ET]
Table 'Caph' 6-max Seat #1 is the button
Seat 1: Toppo_016 (€2.36 in chips) 
Seat 2: pipinoelbreve9 (€14.28 in chips) 
Seat 3: xhadd (€9.38 in chips) 
Seat 4: mattar212 (€5.88 in chips) 
Seat 5: hus ck522 (€4.64 in chips) 
Seat 6: LuisCesarQB (€11.06 in chips) 
pipinoelbreve9: posts small blind €0.05
xhadd: posts big blind €0.10
*** HOLE CARDS ***
Dealt to pipinoelbreve9 [5d 4s]
mattar212: raises €0.20 to €0.30
hus ck522: raises €0.20 to €0.50
LuisCesarQB: folds 
Toppo_016: calls €0.50
pipinoelbreve9: folds 
xhadd: folds 
mattar212: calls €0.20
*** FLOP *** [Js 8c 2s]
mattar212: checks 
hus ck522: checks 
Toppo_016: bets €1.86 and is all-in
mattar212: folds 
hus ck522: calls €1.86
*** TURN *** [Js 8c 2s] [Ad]
*** RIVER *** [Js 8c 2s Ad] [7c]
*** SHOW DOWN ***
hus ck522: shows [Ks Ah] (a pair of Aces)
Toppo_016: shows [Kc 4c] (high card Ace)
hus ck522 collected €5.10 from pot
*** SUMMARY ***
Total pot €5.37 | Rake €0.27 
Board [Js 8c 2s Ad 7c]
Seat 1: Toppo_016 (button) showed [Kc 4c] and lost with high card Ace
Seat 2: pipinoelbreve9 (small blind) folded before Flop
Seat 3: xhadd (big blind) folded before Flop
Seat 4: mattar212 folded on the Flop
Seat 5: hus ck522 showed [Ks Ah] and won (€5.10) with a pair of Aces
Seat 6: LuisCesarQB folded before Flop (didn't bet)



PokerStars Zoom Hand #257937169739:  Hold'em No Limit (€0.05/€0.10) - 2025/09/29 21:29:48 CET [2025/09/29 15:29:48 ET]
Table 'Caph' 6-max Seat #1 is the button
Seat 1: Angelfs7 (€10.92 in chips) 
Seat 2: Joe la Monga (€4.94 in chips) 
Seat 3: richdog2560 (€10.25 in chips) 
Seat 4: demomentopas (€10.78 in chips) 
Seat 5: jbf12345678 (€13.57 in chips) 
Seat 6: pipinoelbreve9 (€14.38 in chips) 
Joe la Monga: posts small blind €0.05
richdog2560: posts big blind €0.10
*** HOLE CARDS ***
Dealt to pipinoelbreve9 [7s 3s]
demomentopas: folds 
jbf12345678: folds 
pipinoelbreve9: folds 
Angelfs7: raises €0.20 to €0.30
Joe la Monga: folds 
richdog2560: folds 
Uncalled bet (€0.20) returned to Angelfs7
Angelfs7 collected €0.25 from pot
Angelfs7: doesn't show hand 
*** SUMMARY ***
Total pot €0.25 | Rake €0 
Seat 1: Angelfs7 (button) collected (€0.25)
Seat 2: Joe la Monga (small blind) folded before Flop
Seat 3: richdog2560 (big blind) folded before Flop
Seat 4: demomentopas folded before Flop (didn't bet)
Seat 5: jbf12345678 folded before Flop (didn't bet)
Seat 6: pipinoelbreve9 folded before Flop (didn't bet)



PokerStars Zoom Hand #257937171692:  Hold'em No Limit (€0.05/€0.10) - 2025/09/29 21:29:55 CET [2025/09/29 15:29:55 ET]
Table 'Caph' 6-max Seat #1 is the button
Seat 1: 4pokereasy (€10.69 in chips) 
Seat 2: alexmls3 (€16.13 in chips) 
Seat 3: pipinoelbreve9 (€14.38 in chips) 
Seat 4: ehbraga (€4.55 in chips) 
Seat 5: daylo23 (€9.50 in chips) 
Seat 6: eraiser9999 (€11.82 in chips) 
alexmls3: posts small blind €0.05
pipinoelbreve9: posts big blind €0.10
*** HOLE CARDS ***
Dealt to pipinoelbreve9 [2c 3c]
ehbraga: folds 
daylo23: folds 
eraiser9999: raises €0.20 to €0.30
4pokereasy: folds 
alexmls3: folds 
pipinoelbreve9: calls €0.20
*** FLOP *** [9h 7c 3h]
pipinoelbreve9: checks 
eraiser9999: bets €0.51
pipinoelbreve9: calls €0.51
*** TURN *** [9h 7c 3h] [9c]
pipinoelbreve9: checks 
eraiser9999: bets €1
pipinoelbreve9: calls €1
*** RIVER *** [9h 7c 3h 9c] [8c]
pipinoelbreve9: checks 
eraiser9999: bets €4.40
pipinoelbreve9: calls €4.40
*** SHOW DOWN ***
eraiser9999: shows [9d 7d] (a full house, Nines full of Sevens)
pipinoelbreve9: mucks hand 
eraiser9999 collected €11.85 from pot
*** SUMMARY ***
Total pot €12.47 | Rake €0.62 
Board [9h 7c 3h 9c 8c]
Seat 1: 4pokereasy (button) folded before Flop (didn't bet)
Seat 2: alexmls3 (small blind) folded before Flop
Seat 3: pipinoelbreve9 (big blind) mucked [2c 3c]
Seat 4: ehbraga folded before Flop (didn't bet)
Seat 5: daylo23 folded before Flop (didn't bet)
Seat 6: eraiser9999 showed [9d 7d] and won (€11.85) with a full house, Nines full of Sevens



PokerStars Zoom Hand #257937199521:  Hold'em No Limit (€0.05/€0.10) - 2025/09/29 21:31:32 CET [2025/09/29 15:31:32 ET]
Table 'Caph' 6-max Seat #1 is the button
Seat 1: chacal1111 (€7.85 in chips) 
Seat 2: pipinoelbreve9 (€10 in chips) 
Seat 3: Angelfs7 (€10.86 in chips) 
Seat 4: NAlexandru22 (€18.64 in chips) 
Seat 5: Capitan Aab (€10 in chips) 
Seat 6: mattar212 (€4.65 in chips) 
pipinoelbreve9: posts small blind €0.05
Angelfs7: posts big blind €0.10
*** HOLE CARDS ***
Dealt to pipinoelbreve9 [5c 7c]
NAlexandru22: folds 
Capitan Aab: folds 
mattar212: folds 
chacal1111: calls €0.10
pipinoelbreve9: folds 
Angelfs7: checks 
*** FLOP *** [Jd 6s 4h]
Angelfs7: checks 
chacal1111: checks 
*** TURN *** [Jd 6s 4h] [Qh]
Angelfs7: checks 
chacal1111: checks 
*** RIVER *** [Jd 6s 4h Qh] [7h]
Angelfs7: bets €0.24
chacal1111: folds 
Uncalled bet (€0.24) returned to Angelfs7
Angelfs7 collected €0.24 from pot
Angelfs7: doesn't show hand 
*** SUMMARY ***
Total pot €0.25 | Rake €0.01 
Board [Jd 6s 4h Qh 7h]
Seat 1: chacal1111 (button) folded on the River
Seat 2: pipinoelbreve9 (small blind) folded before Flop
Seat 3: Angelfs7 (big blind) collected (€0.24)
Seat 4: NAlexandru22 folded before Flop (didn't bet)
Seat 5: Capitan Aab folded before Flop (didn't bet)
Seat 6: mattar212 folded before Flop (didn't bet)



PokerStars Zoom Hand #257937201843:  Hold'em No Limit (€0.05/€0.10) - 2025/09/29 21:31:40 CET [2025/09/29 15:31:40 ET]
Table 'Caph' 6-max Seat #1 is the button
Seat 1: Joe la Monga (€4.29 in chips) 
Seat 2: LuisCesarQB (€16.78 in chips) 
Seat 3: superdutyy (€36.13 in chips) 
Seat 4: demomentopas (€12.55 in chips) 
Seat 5: Capitan Aab (€10 in chips) 
Seat 6: pipinoelbreve9 (€10 in chips) 
LuisCesarQB: posts small blind €0.05
superdutyy: posts big blind €0.10
*** HOLE CARDS ***
Dealt to pipinoelbreve9 [7d 9h]
demomentopas: raises €0.20 to €0.30
Capitan Aab: folds 
pipinoelbreve9: folds 
Joe la Monga: folds 
LuisCesarQB: folds 
superdutyy: calls €0.20
*** FLOP *** [6s 8s 8d]
superdutyy: checks 
demomentopas: bets €0.34
superdutyy: calls €0.34
*** TURN *** [6s 8s 8d] [Td]
superdutyy: checks 
demomentopas: checks 
*** RIVER *** [6s 8s 8d Td] [Qs]
superdutyy: checks 
demomentopas: checks 
*** SHOW DOWN ***
superdutyy: shows [Ad Js] (a pair of Eights)
demomentopas: mucks hand 
superdutyy collected €1.26 from pot
*** SUMMARY ***
Total pot €1.33 | Rake €0.07 
Board [6s 8s 8d Td Qs]
Seat 1: Joe la Monga (button) folded before Flop (didn't bet)
Seat 2: LuisCesarQB (small blind) folded before Flop
Seat 3: superdutyy (big blind) showed [Ad Js] and won (€1.26) with a pair of Eights
Seat 4: demomentopas mucked [Ac 9c]
Seat 5: Capitan Aab folded before Flop (didn't bet)
Seat 6: pipinoelbreve9 folded before Flop (didn't bet)



PokerStars Zoom Hand #257937203044:  Hold'em No Limit (€0.05/€0.10) - 2025/09/29 21:31:44 CET [2025/09/29 15:31:44 ET]
Table 'Caph' 6-max Seat #1 is the button
Seat 1: pipinoelbreve9 (€10 in chips) 
Seat 2: LuisGR90 (€10 in chips) 
Seat 3: eraiser9999 (€11.03 in chips) 
Seat 4: Joe la Monga (€4.29 in chips) 
Seat 5: mattar212 (€4.65 in chips) 
Seat 6: hus ck522 (€2.24 in chips) 
LuisGR90: posts small blind €0.05
eraiser9999: posts big blind €0.10
*** HOLE CARDS ***
Dealt to pipinoelbreve9 [Ad 8d]
Joe la Monga: folds 
mattar212: folds 
hus ck522: folds 
pipinoelbreve9: raises €0.20 to €0.30
LuisGR90: folds 
eraiser9999: calls €0.20
*** FLOP *** [4c 2h Tc]
eraiser9999: checks 
pipinoelbreve9: checks 
*** TURN *** [4c 2h Tc] [Jd]
eraiser9999: checks 
pipinoelbreve9: checks 
*** RIVER *** [4c 2h Tc Jd] [9s]
eraiser9999: checks 
pipinoelbreve9: checks 
*** SHOW DOWN ***
eraiser9999: shows [Th Kh] (a pair of Tens)
pipinoelbreve9: mucks hand 
eraiser9999 collected €0.62 from pot
*** SUMMARY ***
Total pot €0.65 | Rake €0.03 
Board [4c 2h Tc Jd 9s]
Seat 1: pipinoelbreve9 (button) mucked [Ad 8d]
Seat 2: LuisGR90 (small blind) folded before Flop
Seat 3: eraiser9999 (big blind) showed [Th Kh] and won (€0.62) with a pair of Tens
Seat 4: Joe la Monga folded before Flop (didn't bet)
Seat 5: mattar212 folded before Flop (didn't bet)
Seat 6: hus ck522 folded before Flop (didn't bet)



PokerStars Zoom Hand #257937215824:  Hold'em No Limit (€0.05/€0.10) - 2025/09/29 21:32:28 CET [2025/09/29 15:32:28 ET]
Table 'Caph' 6-max Seat #1 is the button
Seat 1: torp35 (€8.86 in chips) 
Seat 2: LuisCesarQB (€14.40 in chips) 
Seat 3: ehbraga (€10 in chips) 
Seat 4: JLL1929 (€10 in chips) 
Seat 5: pipinoelbreve9 (€10 in chips) 
Seat 6: Joe la Monga (€4.14 in chips) 
LuisCesarQB: posts small blind €0.05
ehbraga: posts big blind €0.10
*** HOLE CARDS ***
Dealt to pipinoelbreve9 [Qh Tc]
JLL1929: raises €0.20 to €0.30
pipinoelbreve9: folds 
Joe la Monga: folds 
torp35: folds 
LuisCesarQB: folds 
ehbraga: folds 
Uncalled bet (€0.20) returned to JLL1929
JLL1929 collected €0.25 from pot
JLL1929: doesn't show hand 
*** SUMMARY ***
Total pot €0.25 | Rake €0 
Seat 1: torp35 (button) folded before Flop (didn't bet)
Seat 2: LuisCesarQB (small blind) folded before Flop
Seat 3: ehbraga (big blind) folded before Flop
Seat 4: JLL1929 collected (€0.25)
Seat 5: pipinoelbreve9 folded before Flop (didn't bet)
Seat 6: Joe la Monga folded before Flop (didn't bet)



PokerStars Zoom Hand #257937218410:  Hold'em No Limit (€0.05/€0.10) - 2025/09/29 21:32:37 CET [2025/09/29 15:32:37 ET]
Table 'Caph' 6-max Seat #1 is the button
Seat 1: IRIS7577 (€10.63 in chips) 
Seat 2: pipinoelbreve9 (€10 in chips) 
Seat 3: ehbraga (€9.95 in chips) 
Seat 4: Angelfs7 (€10.95 in chips) 
Seat 5: mattar212 (€4.33 in chips) 
Seat 6: willywon221 (€6.95 in chips) 
pipinoelbreve9: posts small blind €0.05
ehbraga: posts big blind €0.10
*** HOLE CARDS ***
Dealt to pipinoelbreve9 [7h 5h]
Angelfs7: raises €0.20 to €0.30
mattar212: folds 
willywon221: folds 
IRIS7577: folds 
pipinoelbreve9: folds 
ehbraga: folds 
Uncalled bet (€0.20) returned to Angelfs7
Angelfs7 collected €0.25 from pot
Angelfs7: doesn't show hand 
*** SUMMARY ***
Total pot €0.25 | Rake €0 
Seat 1: IRIS7577 (button) folded before Flop (didn't bet)
Seat 2: pipinoelbreve9 (small blind) folded before Flop
Seat 3: ehbraga (big blind) folded before Flop
Seat 4: Angelfs7 collected (€0.25)
Seat 5: mattar212 folded before Flop (didn't bet)
Seat 6: willywon221 folded before Flop (didn't bet)



PokerStars Zoom Hand #257937217409:  Hold'em No Limit (€0.05/€0.10) - 2025/09/29 21:32:33 CET [2025/09/29 15:32:33 ET]
Table 'Caph' 6-max Seat #1 is the button
Seat 1: anddriu (€11.86 in chips) 
Seat 2: Angelfs7 (€11 in chips) 
Seat 3: psyfreak 3~ (€13.91 in chips) 
Seat 4: NAlexandru22 (€18.03 in chips) 
Seat 5: pipinoelbreve9 (€10 in chips) 
Seat 6: Miguelx1978 (€3.85 in chips) 
Angelfs7: posts small blind €0.05
psyfreak 3~: posts big blind €0.10
*** HOLE CARDS ***
Dealt to pipinoelbreve9 [Qc 7c]
NAlexandru22: folds 
pipinoelbreve9: folds 
Miguelx1978: folds 
anddriu: folds 
Angelfs7: folds 
Uncalled bet (€0.05) returned to psyfreak 3~
psyfreak 3~ collected €0.10 from pot
psyfreak 3~: doesn't show hand 
*** SUMMARY ***
Total pot €0.10 | Rake €0 
Seat 1: anddriu (button) folded before Flop (didn't bet)
Seat 2: Angelfs7 (small blind) folded before Flop
Seat 3: psyfreak 3~ (big blind) collected (€0.10)
Seat 4: NAlexandru22 folded before Flop (didn't bet)
Seat 5: pipinoelbreve9 folded before Flop (didn't bet)
Seat 6: Miguelx1978 folded before Flop (didn't bet)



PokerStars Zoom Hand #257937220841:  Hold'em No Limit (€0.05/€0.10) - 2025/09/29 21:32:45 CET [2025/09/29 15:32:45 ET]
Table 'Caph' 6-max Seat #1 is the button
Seat 1: ehbraga (€9.85 in chips) 
Seat 2: ziz_fenomeno (€11.01 in chips) 
Seat 3: pipinoelbreve9 (€10 in chips) 
Seat 4: Miguelx1978 (€3.85 in chips) 
Seat 5: LuisCesarQB (€16.88 in chips) 
Seat 6: eraiser9999 (€11.30 in chips) 
ziz_fenomeno: posts small blind €0.05
pipinoelbreve9: posts big blind €0.10
*** HOLE CARDS ***
Dealt to pipinoelbreve9 [3d 7h]
Miguelx1978: raises €0.25 to €0.35
LuisCesarQB: folds 
eraiser9999: folds 
ehbraga: folds 
ziz_fenomeno: folds 
pipinoelbreve9: folds 
Uncalled bet (€0.25) returned to Miguelx1978
Miguelx1978 collected €0.25 from pot
Miguelx1978: doesn't show hand 
*** SUMMARY ***
Total pot €0.25 | Rake €0 
Seat 1: ehbraga (button) folded before Flop (didn't bet)
Seat 2: ziz_fenomeno (small blind) folded before Flop
Seat 3: pipinoelbreve9 (big blind) folded before Flop
Seat 4: Miguelx1978 collected (€0.25)
Seat 5: LuisCesarQB folded before Flop (didn't bet)
Seat 6: eraiser9999 folded before Flop (didn't bet)



PokerStars Zoom Hand #257937225719:  Hold'em No Limit (€0.05/€0.10) - 2025/09/29 21:33:02 CET [2025/09/29 15:33:02 ET]
Table 'Caph' 6-max Seat #1 is the button
Seat 1: pobrekenny (€13.39 in chips) 
Seat 2: Capitan Aab (€10 in chips) 
Seat 3: ziz_fenomeno (€10.96 in chips) 
Seat 4: alexmls3 (€14.85 in chips) 
Seat 5: wouziwouza (€26.56 in chips) 
Seat 6: pipinoelbreve9 (€10 in chips) 
Capitan Aab: posts small blind €0.05
ziz_fenomeno: posts big blind €0.10
*** HOLE CARDS ***
Dealt to pipinoelbreve9 [Qc Ac]
alexmls3: folds 
wouziwouza: folds 
pipinoelbreve9: raises €0.20 to €0.30
pobrekenny: folds 
Capitan Aab: folds 
ziz_fenomeno: folds 
Uncalled bet (€0.20) returned to pipinoelbreve9
pipinoelbreve9 collected €0.25 from pot
pipinoelbreve9: doesn't show hand 
*** SUMMARY ***
Total pot €0.25 | Rake €0 
Seat 1: pobrekenny (button) folded before Flop (didn't bet)
Seat 2: Capitan Aab (small blind) folded before Flop
Seat 3: ziz_fenomeno (big blind) folded before Flop
Seat 4: alexmls3 folded before Flop (didn't bet)
Seat 5: wouziwouza folded before Flop (didn't bet)
Seat 6: pipinoelbreve9 collected (€0.25)



PokerStars Zoom Hand #257937223892:  Hold'em No Limit (€0.05/€0.10) - 2025/09/29 21:32:56 CET [2025/09/29 15:32:56 ET]
Table 'Caph' 6-max Seat #1 is the button
Seat 1: LuisGR90 (€10.05 in chips) 
Seat 2: LuisCesarQB (€11.27 in chips) 
Seat 3: tonymontilla (€10.16 in chips) 
Seat 4: pipinoelbreve9 (€10 in chips) 
Seat 5: eraiser9999 (€26.64 in chips) 
Seat 6: daylo23 (€10.66 in chips) 
LuisCesarQB: posts small blind €0.05
tonymontilla: posts big blind €0.10
*** HOLE CARDS ***
Dealt to pipinoelbreve9 [Jc 8s]
pipinoelbreve9: folds 
eraiser9999 has timed out
eraiser9999: folds 
daylo23: folds 
LuisGR90: folds 
LuisCesarQB: folds 
Uncalled bet (€0.05) returned to tonymontilla
tonymontilla collected €0.10 from pot
tonymontilla: doesn't show hand 
*** SUMMARY ***
Total pot €0.10 | Rake €0 
Seat 1: LuisGR90 (button) folded before Flop (didn't bet)
Seat 2: LuisCesarQB (small blind) folded before Flop
Seat 3: tonymontilla (big blind) collected (€0.10)
Seat 4: pipinoelbreve9 folded before Flop (didn't bet)
Seat 5: eraiser9999 folded before Flop (didn't bet)
Seat 6: daylo23 folded before Flop (didn't bet)



PokerStars Zoom Hand #257937222835:  Hold'em No Limit (€0.05/€0.10) - 2025/09/29 21:32:52 CET [2025/09/29 15:32:52 ET]
Table 'Caph' 6-max Seat #1 is the button
Seat 1: pipinoelbreve9 (€10 in chips) 
Seat 2: yeyegb11 (€10.05 in chips) 
Seat 3: WaNtEd_o0 (€4.06 in chips) 
Seat 4: willywon221 (€6.95 in chips) 
Seat 5: richdog2560 (€16.32 in chips) 
Seat 6: ehbraga (€9.85 in chips) 
yeyegb11: posts small blind €0.05
WaNtEd_o0: posts big blind €0.10
*** HOLE CARDS ***
Dealt to pipinoelbreve9 [3d Qc]
willywon221: raises €0.20 to €0.30
richdog2560: folds 
ehbraga: folds 
pipinoelbreve9: folds 
yeyegb11: folds 
WaNtEd_o0: calls €0.20
*** FLOP *** [4d 4s 9s]
WaNtEd_o0: checks 
willywon221: checks 
*** TURN *** [4d 4s 9s] [9c]
WaNtEd_o0: checks 
willywon221: checks 
*** RIVER *** [4d 4s 9s 9c] [5c]
WaNtEd_o0: bets €3.76 and is all-in
willywon221: folds 
Uncalled bet (€3.76) returned to WaNtEd_o0
WaNtEd_o0 collected €0.62 from pot
WaNtEd_o0: doesn't show hand 
*** SUMMARY ***
Total pot €0.65 | Rake €0.03 
Board [4d 4s 9s 9c 5c]
Seat 1: pipinoelbreve9 (button) folded before Flop (didn't bet)
Seat 2: yeyegb11 (small blind) folded before Flop
Seat 3: WaNtEd_o0 (big blind) collected (€0.62)
Seat 4: willywon221 folded on the River
Seat 5: richdog2560 folded before Flop (didn't bet)
Seat 6: ehbraga folded before Flop (didn't bet)



PokerStars Zoom Hand #257937228617:  Hold'em No Limit (€0.05/€0.10) - 2025/09/29 21:33:12 CET [2025/09/29 15:33:12 ET]
Table 'Caph' 6-max Seat #1 is the button
Seat 1: ehbraga (€3.84 in chips) 
Seat 2: Bitterman_1981 (€10.85 in chips) 
Seat 3: $juancarraq$ (€8.43 in chips) 
Seat 4: LuisXIV_23 (€6.97 in chips) 
Seat 5: pipinoelbreve9 (€10.15 in chips) 
Seat 6: LuisCesarQB (€16.78 in chips) 
Bitterman_1981: posts small blind €0.05
$juancarraq$: posts big blind €0.10
*** HOLE CARDS ***
Dealt to pipinoelbreve9 [9c As]
LuisXIV_23 has timed out
LuisXIV_23: folds 
pipinoelbreve9: folds 
LuisCesarQB: folds 
ehbraga: folds 
Bitterman_1981: folds 
Uncalled bet (€0.05) returned to $juancarraq$
$juancarraq$ collected €0.10 from pot
$juancarraq$: doesn't show hand 
*** SUMMARY ***
Total pot €0.10 | Rake €0 
Seat 1: ehbraga (button) folded before Flop (didn't bet)
Seat 2: Bitterman_1981 (small blind) folded before Flop
Seat 3: $juancarraq$ (big blind) collected (€0.10)
Seat 4: LuisXIV_23 folded before Flop (didn't bet)
Seat 5: pipinoelbreve9 folded before Flop (didn't bet)
Seat 6: LuisCesarQB folded before Flop (didn't bet)



PokerStars Zoom Hand #257937229933:  Hold'em No Limit (€0.05/€0.10) - 2025/09/29 21:33:17 CET [2025/09/29 15:33:17 ET]
Table 'Caph' 6-max Seat #1 is the button
Seat 1: psyfreak 3~ (€11.33 in chips) 
Seat 2: pipinoelbreve9 (€10.15 in chips) 
Seat 3: torp35 (€9.86 in chips) 
Seat 4: daylo23 (€10.81 in chips) 
Seat 5: 4pokereasy (€10.34 in chips) 
Seat 6: LuisCesarQB (€11.22 in chips) 
pipinoelbreve9: posts small blind €0.05
torp35: posts big blind €0.10
*** HOLE CARDS ***
Dealt to pipinoelbreve9 [7c 2h]
daylo23: folds 
4pokereasy: folds 
LuisCesarQB: folds 
psyfreak 3~: raises €0.15 to €0.25
pipinoelbreve9: folds 
torp35: calls €0.15
*** FLOP *** [Jh 2d 4d]
torp35: checks 
psyfreak 3~: bets €0.15
torp35: folds 
Uncalled bet (€0.15) returned to psyfreak 3~
psyfreak 3~ collected €0.52 from pot
psyfreak 3~: doesn't show hand 
*** SUMMARY ***
Total pot €0.55 | Rake €0.03 
Board [Jh 2d 4d]
Seat 1: psyfreak 3~ (button) collected (€0.52)
Seat 2: pipinoelbreve9 (small blind) folded before Flop
Seat 3: torp35 (big blind) folded on the Flop
Seat 4: daylo23 folded before Flop (didn't bet)
Seat 5: 4pokereasy folded before Flop (didn't bet)
Seat 6: LuisCesarQB folded before Flop (didn't bet)



PokerStars Zoom Hand #257937230927:  Hold'em No Limit (€0.05/€0.10) - 2025/09/29 21:33:20 CET [2025/09/29 15:33:20 ET]
Table 'Caph' 6-max Seat #1 is the button
Seat 1: tonymontilla (€10.16 in chips) 
Seat 2: almogaverr (€7.35 in chips) 
Seat 3: pipinoelbreve9 (€10.10 in chips) 
Seat 4: Bitterman_1981 (€9.18 in chips) 
Seat 5: eraiser9999 (€11.15 in chips) 
Seat 6: willywon221 (€8.09 in chips) 
almogaverr: posts small blind €0.05
pipinoelbreve9: posts big blind €0.10
*** HOLE CARDS ***
Dealt to pipinoelbreve9 [3c Qc]
Bitterman_1981: folds 
eraiser9999: raises €0.20 to €0.30
willywon221: calls €0.30
tonymontilla: calls €0.30
almogaverr: folds 
pipinoelbreve9: calls €0.20
*** FLOP *** [3h 4s 5d]
pipinoelbreve9: bets €0.20
eraiser9999: folds 
willywon221: calls €0.20
tonymontilla: raises €1 to €1.20
pipinoelbreve9: folds 
willywon221: folds 
Uncalled bet (€1) returned to tonymontilla
tonymontilla collected €1.76 from pot
tonymontilla: doesn't show hand 
*** SUMMARY ***
Total pot €1.85 | Rake €0.09 
Board [3h 4s 5d]
Seat 1: tonymontilla (button) collected (€1.76)
Seat 2: almogaverr (small blind) folded before Flop
Seat 3: pipinoelbreve9 (big blind) folded on the Flop
Seat 4: Bitterman_1981 folded before Flop (didn't bet)
Seat 5: eraiser9999 folded on the Flop
Seat 6: willywon221 folded on the Flop



PokerStars Zoom Hand #257937243490:  Hold'em No Limit (€0.05/€0.10) - 2025/09/29 21:34:03 CET [2025/09/29 15:34:03 ET]
Table 'Caph' 6-max Seat #1 is the button
Seat 1: pipinoelbreve9 (€10 in chips) 
Seat 2: lagasalahaga (€10.21 in chips) 
Seat 3: EuLTioBraco (€10 in chips) 
Seat 4: alecantero (€3.24 in chips) 
Seat 5: eraiser9999 (€10.85 in chips) 
Seat 6: daylo23 (€10.81 in chips) 
lagasalahaga: posts small blind €0.05
EuLTioBraco: posts big blind €0.10
*** HOLE CARDS ***
Dealt to pipinoelbreve9 [Ts Jc]
alecantero: calls €0.10
eraiser9999: folds 
daylo23: folds 
pipinoelbreve9: folds 
lagasalahaga: raises €0.40 to €0.50
EuLTioBraco: folds 
alecantero: folds 
Uncalled bet (€0.40) returned to lagasalahaga
lagasalahaga collected €0.30 from pot
lagasalahaga: doesn't show hand 
*** SUMMARY ***
Total pot €0.30 | Rake €0 
Seat 1: pipinoelbreve9 (button) folded before Flop (didn't bet)
Seat 2: lagasalahaga (small blind) collected (€0.30)
Seat 3: EuLTioBraco (big blind) folded before Flop
Seat 4: alecantero folded before Flop
Seat 5: eraiser9999 folded before Flop (didn't bet)
Seat 6: daylo23 folded before Flop (didn't bet)



PokerStars Zoom Hand #257937250582:  Hold'em No Limit (€0.05/€0.10) - 2025/09/29 21:34:28 CET [2025/09/29 15:34:28 ET]
Table 'Caph' 6-max Seat #1 is the button
Seat 1: eraiser9999 (€10.85 in chips) 
Seat 2: RamiRaise2211 (€17.04 in chips) 
Seat 3: lagasalahaga (€10.09 in chips) 
Seat 4: pipinoelbreve9 (€10 in chips) 
Seat 5: Bitterman_1981 (€9.78 in chips) 
Seat 6: pikamanu (€6.29 in chips) 
RamiRaise2211: posts small blind €0.05
lagasalahaga: posts big blind €0.10
*** HOLE CARDS ***
Dealt to pipinoelbreve9 [Kd Js]
pipinoelbreve9: folds 
Bitterman_1981: folds 
pikamanu: folds 
eraiser9999: folds 
RamiRaise2211: folds 
Uncalled bet (€0.05) returned to lagasalahaga
lagasalahaga collected €0.10 from pot
lagasalahaga: doesn't show hand 
*** SUMMARY ***
Total pot €0.10 | Rake €0 
Seat 1: eraiser9999 (button) folded before Flop (didn't bet)
Seat 2: RamiRaise2211 (small blind) folded before Flop
Seat 3: lagasalahaga (big blind) collected (€0.10)
Seat 4: pipinoelbreve9 folded before Flop (didn't bet)
Seat 5: Bitterman_1981 folded before Flop (didn't bet)
Seat 6: pikamanu folded before Flop (didn't bet)



PokerStars Zoom Hand #257937249187:  Hold'em No Limit (€0.05/€0.10) - 2025/09/29 21:34:23 CET [2025/09/29 15:34:23 ET]
Table 'Caph' 6-max Seat #1 is the button
Seat 1: almogaverr (€6.95 in chips) 
Seat 2: ciceron0077 (€10 in chips) 
Seat 3: richdog2560 (€13.59 in chips) 
Seat 4: pipinoelbreve9 (€10 in chips) 
Seat 5: anddriu (€25.12 in chips) 
Seat 6: loicman66 (€3.81 in chips) 
ciceron0077: posts small blind €0.05
richdog2560: posts big blind €0.10
*** HOLE CARDS ***
Dealt to pipinoelbreve9 [Js Qh]
pipinoelbreve9: folds 
anddriu: folds 
loicman66: folds 
almogaverr: folds 
ciceron0077: raises €0.15 to €0.25
richdog2560: folds 
Uncalled bet (€0.15) returned to ciceron0077
ciceron0077 collected €0.20 from pot
ciceron0077: doesn't show hand 
*** SUMMARY ***
Total pot €0.20 | Rake €0 
Seat 1: almogaverr (button) folded before Flop (didn't bet)
Seat 2: ciceron0077 (small blind) collected (€0.20)
Seat 3: richdog2560 (big blind) folded before Flop
Seat 4: pipinoelbreve9 folded before Flop (didn't bet)
Seat 5: anddriu folded before Flop (didn't bet)
Seat 6: loicman66 folded before Flop (didn't bet)



PokerStars Zoom Hand #257937252368:  Hold'em No Limit (€0.05/€0.10) - 2025/09/29 21:34:34 CET [2025/09/29 15:34:34 ET]
Table 'Caph' 6-max Seat #1 is the button
Seat 1: mattar212 (€5.02 in chips) 
Seat 2: el+fishdto2s (€4.75 in chips) 
Seat 3: pipinoelbreve9 (€10 in chips) 
Seat 4: IRIS7577 (€10.29 in chips) 
Seat 5: alexmls3 (€14.55 in chips) 
Seat 6: tonymontilla (€11.27 in chips) 
el+fishdto2s: posts small blind €0.05
pipinoelbreve9: posts big blind €0.10
*** HOLE CARDS ***
Dealt to pipinoelbreve9 [2h 9c]
IRIS7577: folds 
alexmls3: folds 
tonymontilla: raises €0.15 to €0.25
mattar212: folds 
el+fishdto2s: folds 
pipinoelbreve9: folds 
Uncalled bet (€0.15) returned to tonymontilla
tonymontilla collected €0.25 from pot
tonymontilla: doesn't show hand 
*** SUMMARY ***
Total pot €0.25 | Rake €0 
Seat 1: mattar212 (button) folded before Flop (didn't bet)
Seat 2: el+fishdto2s (small blind) folded before Flop
Seat 3: pipinoelbreve9 (big blind) folded before Flop
Seat 4: IRIS7577 folded before Flop (didn't bet)
Seat 5: alexmls3 folded before Flop (didn't bet)
Seat 6: tonymontilla collected (€0.25)



PokerStars Zoom Hand #257937254665:  Hold'em No Limit (€0.05/€0.10) - 2025/09/29 21:34:42 CET [2025/09/29 15:34:42 ET]
Table 'Caph' 6-max Seat #1 is the button
Seat 1: ciceron0077 (€10.10 in chips) 
Seat 2: PulpitoBluff (€6.17 in chips) 
Seat 3: pobrekenny (€9.75 in chips) 
Seat 4: richdog2560 (€10 in chips) 
Seat 5: NAlexandru22 (€13.81 in chips) 
Seat 6: pipinoelbreve9 (€10 in chips) 
PulpitoBluff: posts small blind €0.05
pobrekenny: posts big blind €0.10
*** HOLE CARDS ***
Dealt to pipinoelbreve9 [5d 4h]
richdog2560: folds 
NAlexandru22: folds 
pipinoelbreve9: folds 
ciceron0077: folds 
PulpitoBluff: folds 
Uncalled bet (€0.05) returned to pobrekenny
pobrekenny collected €0.10 from pot
pobrekenny: doesn't show hand 
*** SUMMARY ***
Total pot €0.10 | Rake €0 
Seat 1: ciceron0077 (button) folded before Flop (didn't bet)
Seat 2: PulpitoBluff (small blind) folded before Flop
Seat 3: pobrekenny (big blind) collected (€0.10)
Seat 4: richdog2560 folded before Flop (didn't bet)
Seat 5: NAlexandru22 folded before Flop (didn't bet)
Seat 6: pipinoelbreve9 folded before Flop (didn't bet)



PokerStars Zoom Hand #257937258000:  Hold'em No Limit (€0.05/€0.10) - 2025/09/29 21:34:53 CET [2025/09/29 15:34:53 ET]
Table 'Caph' 6-max Seat #1 is the button
Seat 1: JLL1929 (€10 in chips) 
Seat 2: Nikl2019 (€4.64 in chips) 
Seat 3: LuisCesarQB (€15.84 in chips) 
Seat 4: pipinoelbreve9 (€10 in chips) 
Seat 5: ciceron0077 (€10.10 in chips) 
Seat 6: daylo23 (€10.79 in chips) 
Nikl2019: posts small blind €0.05
LuisCesarQB: posts big blind €0.10
*** HOLE CARDS ***
Dealt to pipinoelbreve9 [6d Js]
pipinoelbreve9: folds 
ciceron0077: folds 
daylo23: folds 
JLL1929: folds 
Nikl2019: folds 
Uncalled bet (€0.05) returned to LuisCesarQB
LuisCesarQB collected €0.10 from pot
LuisCesarQB: doesn't show hand 
*** SUMMARY ***
Total pot €0.10 | Rake €0 
Seat 1: JLL1929 (button) folded before Flop (didn't bet)
Seat 2: Nikl2019 (small blind) folded before Flop
Seat 3: LuisCesarQB (big blind) collected (€0.10)
Seat 4: pipinoelbreve9 folded before Flop (didn't bet)
Seat 5: ciceron0077 folded before Flop (didn't bet)
Seat 6: daylo23 folded before Flop (didn't bet)



PokerStars Zoom Hand #257937256136:  Hold'em No Limit (€0.05/€0.10) - 2025/09/29 21:34:47 CET [2025/09/29 15:34:47 ET]
Table 'Caph' 6-max Seat #1 is the button
Seat 1: pipinoelbreve9 (€10 in chips) 
Seat 2: richdog2560 (€13.49 in chips) 
Seat 3: willywon221 (€7.54 in chips) 
Seat 4: el+fishdto2s (€4.70 in chips) 
Seat 5: eraiser9999 (€25.40 in chips) 
Seat 6: ehbraga (€9.65 in chips) 
richdog2560: posts small blind €0.05
willywon221: posts big blind €0.10
*** HOLE CARDS ***
Dealt to pipinoelbreve9 [3d Qd]
el+fishdto2s: raises €0.15 to €0.25
eraiser9999: folds 
ehbraga: folds 
pipinoelbreve9: folds 
richdog2560: folds 
willywon221: folds 
Uncalled bet (€0.15) returned to el+fishdto2s
el+fishdto2s collected €0.25 from pot
el+fishdto2s: doesn't show hand 
*** SUMMARY ***
Total pot €0.25 | Rake €0 
Seat 1: pipinoelbreve9 (button) folded before Flop (didn't bet)
Seat 2: richdog2560 (small blind) folded before Flop
Seat 3: willywon221 (big blind) folded before Flop
Seat 4: el+fishdto2s collected (€0.25)
Seat 5: eraiser9999 folded before Flop (didn't bet)
Seat 6: ehbraga folded before Flop (didn't bet)



PokerStars Zoom Hand #257937246304:  Hold'em No Limit (€0.05/€0.10) - 2025/09/29 21:34:13 CET [2025/09/29 15:34:13 ET]
Table 'Caph' 6-max Seat #1 is the button
Seat 1: bar779 (€11.13 in chips) 
Seat 2: pipinoelbreve9 (€10 in chips) 
Seat 3: 4pokereasy (€10 in chips) 
Seat 4: alexmls3 (€12.95 in chips) 
Seat 5: azu2004 (€37.52 in chips) 
Seat 6: lagasalahaga (€10 in chips) 
pipinoelbreve9: posts small blind €0.05
4pokereasy: posts big blind €0.10
*** HOLE CARDS ***
Dealt to pipinoelbreve9 [Td 2c]
alexmls3: folds 
azu2004: calls €0.10
lagasalahaga: raises €0.30 to €0.40
bar779: calls €0.40
pipinoelbreve9: folds 
4pokereasy: calls €0.30
azu2004: calls €0.30
*** FLOP *** [7d 9d 5h]
4pokereasy: checks 
azu2004: checks 
lagasalahaga: checks 
bar779: bets €1.18
4pokereasy: calls €1.18
azu2004: calls €1.18
lagasalahaga: raises €8.42 to €9.60 and is all-in
bar779: folds 
4pokereasy: folds 
azu2004: folds 
Uncalled bet (€8.42) returned to lagasalahaga
lagasalahaga collected €6.05 from pot
lagasalahaga: doesn't show hand 
*** SUMMARY ***
Total pot €6.37 | Rake €0.32 
Board [7d 9d 5h]
Seat 1: bar779 (button) folded on the Flop
Seat 2: pipinoelbreve9 (small blind) folded before Flop
Seat 3: 4pokereasy (big blind) folded on the Flop
Seat 4: alexmls3 folded before Flop (didn't bet)
Seat 5: azu2004 folded on the Flop
Seat 6: lagasalahaga collected (€6.05)



PokerStars Zoom Hand #257937242362:  Hold'em No Limit (€0.05/€0.10) - 2025/09/29 21:33:59 CET [2025/09/29 15:33:59 ET]
Table 'Caph' 6-max Seat #1 is the button
Seat 1: JAM.FCM (€15.12 in chips) 
Seat 2: LuisGR90 (€10 in chips) 
Seat 3: el+fishdto2s (€5.09 in chips) 
Seat 4: LuisCesarQB (€15.99 in chips) 
Seat 5: bar779 (€11.13 in chips) 
Seat 6: pipinoelbreve9 (€10 in chips) 
LuisGR90: posts small blind €0.05
el+fishdto2s: posts big blind €0.10
*** HOLE CARDS ***
Dealt to pipinoelbreve9 [6h Td]
LuisCesarQB: folds 
bar779: folds 
pipinoelbreve9: folds 
JAM.FCM: folds 
LuisGR90: raises €0.20 to €0.30
el+fishdto2s: calls €0.20
*** FLOP *** [6s Jc 7d]
LuisGR90: bets €0.18
el+fishdto2s: calls €0.18
*** TURN *** [6s Jc 7d] [Qs]
LuisGR90: bets €0.68
el+fishdto2s: calls €0.68
*** RIVER *** [6s Jc 7d Qs] [2s]
LuisGR90: checks 
el+fishdto2s: bets €1.10
LuisGR90: folds 
Uncalled bet (€1.10) returned to el+fishdto2s
el+fishdto2s collected €2.20 from pot
el+fishdto2s: doesn't show hand 
*** SUMMARY ***
Total pot €2.32 | Rake €0.12 
Board [6s Jc 7d Qs 2s]
Seat 1: JAM.FCM (button) folded before Flop (didn't bet)
Seat 2: LuisGR90 (small blind) folded on the River
Seat 3: el+fishdto2s (big blind) collected (€2.20)
Seat 4: LuisCesarQB folded before Flop (didn't bet)
Seat 5: bar779 folded before Flop (didn't bet)
Seat 6: pipinoelbreve9 folded before Flop (didn't bet)



PokerStars Zoom Hand #257937260536:  Hold'em No Limit (€0.05/€0.10) - 2025/09/29 21:35:02 CET [2025/09/29 15:35:02 ET]
Table 'Caph' 6-max Seat #1 is the button
Seat 1: willywon221 (€7.44 in chips) 
Seat 2: torp35 (€10.03 in chips) 
Seat 3: pipinoelbreve9 (€10 in chips) 
Seat 4: 4pokereasy (€10 in chips) 
Seat 5: LuisCesarQB (€15.89 in chips) 
Seat 6: LuisGR90 (€10 in chips) 
torp35: posts small blind €0.05
pipinoelbreve9: posts big blind €0.10
*** HOLE CARDS ***
Dealt to pipinoelbreve9 [Jh 5d]
4pokereasy: folds 
LuisCesarQB: folds 
LuisGR90: folds 
willywon221: raises €0.20 to €0.30
torp35: folds 
pipinoelbreve9: folds 
Uncalled bet (€0.20) returned to willywon221
willywon221 collected €0.25 from pot
willywon221: doesn't show hand 
*** SUMMARY ***
Total pot €0.25 | Rake €0 
Seat 1: willywon221 (button) collected (€0.25)
Seat 2: torp35 (small blind) folded before Flop
Seat 3: pipinoelbreve9 (big blind) folded before Flop
Seat 4: 4pokereasy folded before Flop (didn't bet)
Seat 5: LuisCesarQB folded before Flop (didn't bet)
Seat 6: LuisGR90 folded before Flop (didn't bet)



PokerStars Zoom Hand #257937265598:  Hold'em No Limit (€0.05/€0.10) - 2025/09/29 21:35:20 CET [2025/09/29 15:35:20 ET]
Table 'Caph' 6-max Seat #1 is the button
Seat 1: Miguelx1978 (€4.59 in chips) 
Seat 2: pipinoelbreve9 (€10 in chips) 
Seat 3: Svga420 (€7.54 in chips) 
Seat 4: ziz_fenomeno (€11.11 in chips) 
Seat 5: jasonuhi (€13.77 in chips) 
Seat 6: BrunoM.0110 (€5.02 in chips) 
pipinoelbreve9: posts small blind €0.05
Svga420: posts big blind €0.10
*** HOLE CARDS ***
Dealt to pipinoelbreve9 [Kh 5s]
ziz_fenomeno: folds 
jasonuhi: folds 
BrunoM.0110: raises €0.20 to €0.30
Miguelx1978: folds 
pipinoelbreve9: folds 
Svga420: folds 
Uncalled bet (€0.20) returned to BrunoM.0110
BrunoM.0110 collected €0.25 from pot
BrunoM.0110: doesn't show hand 
*** SUMMARY ***
Total pot €0.25 | Rake €0 
Seat 1: Miguelx1978 (button) folded before Flop (didn't bet)
Seat 2: pipinoelbreve9 (small blind) folded before Flop
Seat 3: Svga420 (big blind) folded before Flop
Seat 4: ziz_fenomeno folded before Flop (didn't bet)
Seat 5: jasonuhi folded before Flop (didn't bet)
Seat 6: BrunoM.0110 collected (€0.25)



PokerStars Zoom Hand #257937247895:  Hold'em No Limit (€0.05/€0.10) - 2025/09/29 21:34:18 CET [2025/09/29 15:34:18 ET]
Table 'Caph' 6-max Seat #1 is the button
Seat 1: ehbraga (€9.70 in chips) 
Seat 2: yeyegb11 (€19.04 in chips) 
Seat 3: FllanosB (€11.61 in chips) 
Seat 4: alexmls3 (€12.95 in chips) 
Seat 5: pipinoelbreve9 (€10 in chips) 
Seat 6: chacal1111 (€7.20 in chips) 
yeyegb11: posts small blind €0.05
FllanosB: posts big blind €0.10
*** HOLE CARDS ***
Dealt to pipinoelbreve9 [6s 6d]
alexmls3: raises €0.10 to €0.20
pipinoelbreve9: folds 
chacal1111: folds 
ehbraga: folds 
yeyegb11: folds 
FllanosB: calls €0.10
*** FLOP *** [3c 7d 8s]
FllanosB: checks 
alexmls3: bets €0.32
FllanosB: calls €0.32
*** TURN *** [3c 7d 8s] [Qc]
FllanosB: checks 
alexmls3: bets €0.70
FllanosB: raises €1.70 to €2.40
alexmls3: calls €1.70
*** RIVER *** [3c 7d 8s Qc] [Qd]
FllanosB: bets €1.10
alexmls3: calls €1.10
*** SHOW DOWN ***
FllanosB: shows [Ad Qs] (three of a kind, Queens)
alexmls3: mucks hand 
FllanosB collected €7.69 from pot
*** SUMMARY ***
Total pot €8.09 | Rake €0.40 
Board [3c 7d 8s Qc Qd]
Seat 1: ehbraga (button) folded before Flop (didn't bet)
Seat 2: yeyegb11 (small blind) folded before Flop
Seat 3: FllanosB (big blind) showed [Ad Qs] and won (€7.69) with three of a kind, Queens
Seat 4: alexmls3 mucked [9h 9c]
Seat 5: pipinoelbreve9 folded before Flop (didn't bet)
Seat 6: chacal1111 folded before Flop (didn't bet)



PokerStars Zoom Hand #257937259265:  Hold'em No Limit (€0.05/€0.10) - 2025/09/29 21:34:58 CET [2025/09/29 15:34:58 ET]
Table 'Caph' 6-max Seat #1 is the button
Seat 1: 4pokereasy (€10 in chips) 
Seat 2: loicman66 (€3.86 in chips) 
Seat 3: demomentopas (€12.75 in chips) 
Seat 4: yeyegb11 (€19.14 in chips) 
Seat 5: pipinoelbreve9 (€10 in chips) 
Seat 6: PBorja36 (€4.85 in chips) 
loicman66: posts small blind €0.05
demomentopas: posts big blind €0.10
*** HOLE CARDS ***
Dealt to pipinoelbreve9 [9c 6s]
yeyegb11: folds 
pipinoelbreve9: folds 
PBorja36: folds 
4pokereasy: folds 
loicman66: calls €0.05
demomentopas: checks 
*** FLOP *** [7s Jh 6d]
loicman66: checks 
demomentopas: bets €0.13
loicman66: calls €0.13
*** TURN *** [7s Jh 6d] [Ac]
loicman66: checks 
demomentopas: checks 
*** RIVER *** [7s Jh 6d Ac] [Jd]
loicman66: bets €0.44
demomentopas: folds 
Uncalled bet (€0.44) returned to loicman66
loicman66 collected €0.44 from pot
loicman66: doesn't show hand 
*** SUMMARY ***
Total pot €0.46 | Rake €0.02 
Board [7s Jh 6d Ac Jd]
Seat 1: 4pokereasy (button) folded before Flop (didn't bet)
Seat 2: loicman66 (small blind) collected (€0.44)
Seat 3: demomentopas (big blind) folded on the River
Seat 4: yeyegb11 folded before Flop (didn't bet)
Seat 5: pipinoelbreve9 folded before Flop (didn't bet)
Seat 6: PBorja36 folded before Flop (didn't bet)



PokerStars Zoom Hand #257937269733:  Hold'em No Limit (€0.05/€0.10) - 2025/09/29 21:35:34 CET [2025/09/29 15:35:34 ET]
Table 'Caph' 6-max Seat #1 is the button
Seat 1: 4pokereasy (€11.96 in chips) 
Seat 2: PBorja36 (€4.75 in chips) 
Seat 3: TURRKKISH (€6.39 in chips) 
Seat 4: NAlexandru22 (€13.61 in chips) 
Seat 5: el+fishdto2s (€6.08 in chips) 
Seat 6: pipinoelbreve9 (€10 in chips) 
PBorja36: posts small blind €0.05
TURRKKISH: posts big blind €0.10
*** HOLE CARDS ***
Dealt to pipinoelbreve9 [Qd 6c]
NAlexandru22: folds 
el+fishdto2s: folds 
pipinoelbreve9: folds 
PBorja36 is disconnected 
4pokereasy: folds 
PBorja36 has timed out while disconnected
PBorja36: folds 
Uncalled bet (€0.05) returned to TURRKKISH
TURRKKISH collected €0.10 from pot
TURRKKISH: doesn't show hand 
*** SUMMARY ***
Total pot €0.10 | Rake €0 
Seat 1: 4pokereasy (button) folded before Flop (didn't bet)
Seat 2: PBorja36 (small blind) folded before Flop
Seat 3: TURRKKISH (big blind) collected (€0.10)
Seat 4: NAlexandru22 folded before Flop (didn't bet)
Seat 5: el+fishdto2s folded before Flop (didn't bet)
Seat 6: pipinoelbreve9 folded before Flop (didn't bet)



PokerStars Zoom Hand #257937268873:  Hold'em No Limit (€0.05/€0.10) - 2025/09/29 21:35:31 CET [2025/09/29 15:35:31 ET]
Table 'Caph' 6-max Seat #1 is the button
Seat 1: pipinoelbreve9 (€10 in chips) 
Seat 2: LuisCesarQB (€15.84 in chips) 
Seat 3: Capitan Aab (€10.05 in chips) 
Seat 4: el+fishdto2s (€6.08 in chips) 
Seat 5: ehbraga (€9.96 in chips) 
Seat 6: lagasalahaga (€10.44 in chips) 
LuisCesarQB: posts small blind €0.05
Capitan Aab: posts big blind €0.10
*** HOLE CARDS ***
Dealt to pipinoelbreve9 [7d 2h]
el+fishdto2s: folds 
ehbraga: folds 
lagasalahaga: folds 
pipinoelbreve9: folds 
LuisCesarQB: raises €0.15 to €0.25
Capitan Aab: calls €0.15
*** FLOP *** [8c Kh 5c]
LuisCesarQB: bets €0.16
Capitan Aab: folds 
Uncalled bet (€0.16) returned to LuisCesarQB
LuisCesarQB collected €0.48 from pot
LuisCesarQB: doesn't show hand 
*** SUMMARY ***
Total pot €0.50 | Rake €0.02 
Board [8c Kh 5c]
Seat 1: pipinoelbreve9 (button) folded before Flop (didn't bet)
Seat 2: LuisCesarQB (small blind) collected (€0.48)
Seat 3: Capitan Aab (big blind) folded on the Flop
Seat 4: el+fishdto2s folded before Flop (didn't bet)
Seat 5: ehbraga folded before Flop (didn't bet)
Seat 6: lagasalahaga folded before Flop (didn't bet)



PokerStars Zoom Hand #257937271031:  Hold'em No Limit (€0.05/€0.10) - 2025/09/29 21:35:39 CET [2025/09/29 15:35:39 ET]
Table 'Caph' 6-max Seat #1 is the button
Seat 1: Originalbora (€19.70 in chips) 
Seat 2: psyfreak 3~ (€11.10 in chips) 
Seat 3: lagasalahaga (€10.44 in chips) 
Seat 4: pipinoelbreve9 (€10 in chips) 
Seat 5: torp35 (€7.33 in chips) 
Seat 6: tonymontilla (€11.32 in chips) 
psyfreak 3~: posts small blind €0.05
lagasalahaga: posts big blind €0.10
*** HOLE CARDS ***
Dealt to pipinoelbreve9 [5h Ah]
pipinoelbreve9: raises €0.20 to €0.30
torp35: folds 
tonymontilla: folds 
Originalbora: raises €0.60 to €0.90
psyfreak 3~: folds 
lagasalahaga: folds 
pipinoelbreve9: raises €1.20 to €2.10
Originalbora: folds 
Uncalled bet (€1.20) returned to pipinoelbreve9
pipinoelbreve9 collected €1.95 from pot
pipinoelbreve9: doesn't show hand 
*** SUMMARY ***
Total pot €1.95 | Rake €0 
Seat 1: Originalbora (button) folded before Flop
Seat 2: psyfreak 3~ (small blind) folded before Flop
Seat 3: lagasalahaga (big blind) folded before Flop
Seat 4: pipinoelbreve9 collected (€1.95)
Seat 5: torp35 folded before Flop (didn't bet)
Seat 6: tonymontilla folded before Flop (didn't bet)



PokerStars Zoom Hand #257937282146:  Hold'em No Limit (€0.05/€0.10) - 2025/09/29 21:36:17 CET [2025/09/29 15:36:17 ET]
Table 'Caph' 6-max Seat #1 is the button
Seat 1: IRIS7577 (€9.62 in chips) 
Seat 2: ziz_fenomeno (€11.49 in chips) 
Seat 3: pipinoelbreve9 (€11.05 in chips) 
Seat 4: lagasalahaga (€10.49 in chips) 
Seat 5: ivanbody (€11.80 in chips) 
Seat 6: LuisGR90 (€10 in chips) 
ziz_fenomeno: posts small blind €0.05
pipinoelbreve9: posts big blind €0.10
*** HOLE CARDS ***
Dealt to pipinoelbreve9 [6h 7c]
lagasalahaga: folds 
ivanbody: folds 
LuisGR90: folds 
IRIS7577: folds 
ziz_fenomeno: folds 
Uncalled bet (€0.05) returned to pipinoelbreve9
pipinoelbreve9 collected €0.10 from pot
pipinoelbreve9: doesn't show hand 
*** SUMMARY ***
Total pot €0.10 | Rake €0 
Seat 1: IRIS7577 (button) folded before Flop (didn't bet)
Seat 2: ziz_fenomeno (small blind) folded before Flop
Seat 3: pipinoelbreve9 (big blind) collected (€0.10)
Seat 4: lagasalahaga folded before Flop (didn't bet)
Seat 5: ivanbody folded before Flop (didn't bet)
Seat 6: LuisGR90 folded before Flop (didn't bet)



PokerStars Zoom Hand #257937285051:  Hold'em No Limit (€0.05/€0.10) - 2025/09/29 21:36:27 CET [2025/09/29 15:36:27 ET]
Table 'Caph' 6-max Seat #1 is the button
Seat 1: daylo23 (€11.42 in chips) 
Seat 2: willywon221 (€8.98 in chips) 
Seat 3: psyfreak 3~ (€11.05 in chips) 
Seat 4: 4pokereasy (€10 in chips) 
Seat 5: eraiser9999 (€12.93 in chips) 
Seat 6: pipinoelbreve9 (€11.10 in chips) 
willywon221: posts small blind €0.05
psyfreak 3~: posts big blind €0.10
*** HOLE CARDS ***
Dealt to pipinoelbreve9 [6d 7d]
4pokereasy: raises €0.15 to €0.25
eraiser9999: folds 
pipinoelbreve9: raises €0.75 to €1
daylo23: folds 
willywon221: folds 
psyfreak 3~: folds 
4pokereasy: calls €0.75
*** FLOP *** [6h 5h 2d]
4pokereasy: checks 
pipinoelbreve9: bets €1.02
4pokereasy: folds 
Uncalled bet (€1.02) returned to pipinoelbreve9
pipinoelbreve9 collected €2.04 from pot
pipinoelbreve9: doesn't show hand 
*** SUMMARY ***
Total pot €2.15 | Rake €0.11 
Board [6h 5h 2d]
Seat 1: daylo23 (button) folded before Flop (didn't bet)
Seat 2: willywon221 (small blind) folded before Flop
Seat 3: psyfreak 3~ (big blind) folded before Flop
Seat 4: 4pokereasy folded on the Flop
Seat 5: eraiser9999 folded before Flop (didn't bet)
Seat 6: pipinoelbreve9 collected (€2.04)



PokerStars Zoom Hand #257937298074:  Hold'em No Limit (€0.05/€0.10) - 2025/09/29 21:37:12 CET [2025/09/29 15:37:12 ET]
Table 'Caph' 6-max Seat #1 is the button
Seat 1: Angelfs7 (€10 in chips) 
Seat 2: pipinoelbreve9 (€12.14 in chips) 
Seat 3: edurneimpoker (€18.69 in chips) 
Seat 4: torp35 (€9.23 in chips) 
Seat 5: LuisCesarQB (€16.65 in chips) 
Seat 6: jbf12345678 (€10 in chips) 
pipinoelbreve9: posts small blind €0.05
edurneimpoker: posts big blind €0.10
*** HOLE CARDS ***
Dealt to pipinoelbreve9 [6c 8s]
torp35: folds 
LuisCesarQB: folds 
jbf12345678: folds 
Angelfs7: folds 
pipinoelbreve9: folds 
Uncalled bet (€0.05) returned to edurneimpoker
edurneimpoker collected €0.10 from pot
edurneimpoker: doesn't show hand 
*** SUMMARY ***
Total pot €0.10 | Rake €0 
Seat 1: Angelfs7 (button) folded before Flop (didn't bet)
Seat 2: pipinoelbreve9 (small blind) folded before Flop
Seat 3: edurneimpoker (big blind) collected (€0.10)
Seat 4: torp35 folded before Flop (didn't bet)
Seat 5: LuisCesarQB folded before Flop (didn't bet)
Seat 6: jbf12345678 folded before Flop (didn't bet)



PokerStars Zoom Hand #257937300331:  Hold'em No Limit (€0.05/€0.10) - 2025/09/29 21:37:20 CET [2025/09/29 15:37:20 ET]
Table 'Caph' 6-max Seat #1 is the button
Seat 1: alexmls3 (€9.18 in chips) 
Seat 2: demomentopas (€12.37 in chips) 
Seat 3: JLL1929 (€23.69 in chips) 
Seat 4: ehbraga (€9.91 in chips) 
Seat 5: pipinoelbreve9 (€12.09 in chips) 
Seat 6: psyfreak 3~ (€10.90 in chips) 
demomentopas: posts small blind €0.05
JLL1929: posts big blind €0.10
*** HOLE CARDS ***
Dealt to pipinoelbreve9 [6c Kd]
ehbraga: folds 
pipinoelbreve9: folds 
psyfreak 3~: folds 
alexmls3: folds 
demomentopas: folds 
Uncalled bet (€0.05) returned to JLL1929
JLL1929 collected €0.10 from pot
JLL1929: doesn't show hand 
*** SUMMARY ***
Total pot €0.10 | Rake €0 
Seat 1: alexmls3 (button) folded before Flop (didn't bet)
Seat 2: demomentopas (small blind) folded before Flop
Seat 3: JLL1929 (big blind) collected (€0.10)
Seat 4: ehbraga folded before Flop (didn't bet)
Seat 5: pipinoelbreve9 folded before Flop (didn't bet)
Seat 6: psyfreak 3~ folded before Flop (didn't bet)



PokerStars Zoom Hand #257937301817:  Hold'em No Limit (€0.05/€0.10) - 2025/09/29 21:37:25 CET [2025/09/29 15:37:25 ET]
Table 'Caph' 6-max Seat #1 is the button
Seat 1: pipinoelbreve9 (€12.09 in chips) 
Seat 2: demomentopas (€7.99 in chips) 
Seat 3: eraiser9999 (€25.06 in chips) 
Seat 4: WaNtEd_o0 (€3.64 in chips) 
Seat 5: Angelfs7 (€10 in chips) 
Seat 6: Capitan Aab (€10.15 in chips) 
demomentopas: posts small blind €0.05
eraiser9999: posts big blind €0.10
*** HOLE CARDS ***
Dealt to pipinoelbreve9 [7s 4s]
WaNtEd_o0: folds 
Angelfs7: folds 
Capitan Aab: folds 
pipinoelbreve9: folds 
demomentopas: raises €0.20 to €0.30
eraiser9999: raises €0.80 to €1.10
demomentopas: folds 
Uncalled bet (€0.80) returned to eraiser9999
eraiser9999 collected €0.60 from pot
eraiser9999: doesn't show hand 
*** SUMMARY ***
Total pot €0.60 | Rake €0 
Seat 1: pipinoelbreve9 (button) folded before Flop (didn't bet)
Seat 2: demomentopas (small blind) folded before Flop
Seat 3: eraiser9999 (big blind) collected (€0.60)
Seat 4: WaNtEd_o0 folded before Flop (didn't bet)
Seat 5: Angelfs7 folded before Flop (didn't bet)
Seat 6: Capitan Aab folded before Flop (didn't bet)



PokerStars Zoom Hand #257937303525:  Hold'em No Limit (€0.05/€0.10) - 2025/09/29 21:37:31 CET [2025/09/29 15:37:31 ET]
Table 'Caph' 6-max Seat #1 is the button
Seat 1: psyfreak 3~ (€10.90 in chips) 
Seat 2: jasonuhi (€9.58 in chips) 
Seat 3: JAM.FCM (€15.80 in chips) 
Seat 4: pipinoelbreve9 (€12.09 in chips) 
Seat 5: jbf12345678 (€10 in chips) 
Seat 6: edurneimpoker (€18.74 in chips) 
jasonuhi: posts small blind €0.05
JAM.FCM: posts big blind €0.10
*** HOLE CARDS ***
Dealt to pipinoelbreve9 [Qh 5d]
pipinoelbreve9: folds 
jbf12345678: folds 
edurneimpoker: folds 
psyfreak 3~: raises €0.15 to €0.25
jasonuhi: folds 
JAM.FCM: folds 
Uncalled bet (€0.15) returned to psyfreak 3~
psyfreak 3~ collected €0.25 from pot
psyfreak 3~: doesn't show hand 
*** SUMMARY ***
Total pot €0.25 | Rake €0 
Seat 1: psyfreak 3~ (button) collected (€0.25)
Seat 2: jasonuhi (small blind) folded before Flop
Seat 3: JAM.FCM (big blind) folded before Flop
Seat 4: pipinoelbreve9 folded before Flop (didn't bet)
Seat 5: jbf12345678 folded before Flop (didn't bet)
Seat 6: edurneimpoker folded before Flop (didn't bet)



PokerStars Zoom Hand #257937304226:  Hold'em No Limit (€0.05/€0.10) - 2025/09/29 21:37:33 CET [2025/09/29 15:37:33 ET]
Table 'Caph' 6-max Seat #1 is the button
Seat 1: pobrekenny (€9.60 in chips) 
Seat 2: ziz_fenomeno (€11.44 in chips) 
Seat 3: LuisGR90 (€10 in chips) 
Seat 4: willywon221 (€8.88 in chips) 
Seat 5: el+fishdto2s (€4.50 in chips) 
Seat 6: pipinoelbreve9 (€12.09 in chips) 
ziz_fenomeno: posts small blind €0.05
LuisGR90: posts big blind €0.10
*** HOLE CARDS ***
Dealt to pipinoelbreve9 [3s 7d]
willywon221: raises €0.20 to €0.30
el+fishdto2s: folds 
pipinoelbreve9: folds 
pobrekenny: folds 
ziz_fenomeno: calls €0.25
LuisGR90: folds 
*** FLOP *** [2h 5d 2c]
ziz_fenomeno: checks 
willywon221: checks 
*** TURN *** [2h 5d 2c] [Qh]
ziz_fenomeno: checks 
willywon221: checks 
*** RIVER *** [2h 5d 2c Qh] [3c]
ziz_fenomeno: checks 
willywon221: checks 
*** SHOW DOWN ***
ziz_fenomeno: shows [As 6s] (a pair of Deuces)
willywon221: shows [Qc Ks] (two pair, Queens and Deuces)
willywon221 collected €0.66 from pot
*** SUMMARY ***
Total pot €0.70 | Rake €0.04 
Board [2h 5d 2c Qh 3c]
Seat 1: pobrekenny (button) folded before Flop (didn't bet)
Seat 2: ziz_fenomeno (small blind) showed [As 6s] and lost with a pair of Deuces
Seat 3: LuisGR90 (big blind) folded before Flop
Seat 4: willywon221 showed [Qc Ks] and won (€0.66) with two pair, Queens and Deuces
Seat 5: el+fishdto2s folded before Flop (didn't bet)
Seat 6: pipinoelbreve9 folded before Flop (didn't bet)



PokerStars Zoom Hand #257937305615:  Hold'em No Limit (€0.05/€0.10) - 2025/09/29 21:37:38 CET [2025/09/29 15:37:38 ET]
Table 'Caph' 6-max Seat #1 is the button
Seat 1: psyfreak 3~ (€38.67 in chips) 
Seat 2: ehbraga (€9.90 in chips) 
Seat 3: pipinoelbreve9 (€12.09 in chips) 
Seat 4: 4pokereasy (€10 in chips) 
Seat 5: Angelfs7 (€13.86 in chips) 
Seat 6: alexmls3 (€9.23 in chips) 
ehbraga: posts small blind €0.05
pipinoelbreve9: posts big blind €0.10
*** HOLE CARDS ***
Dealt to pipinoelbreve9 [3c Kc]
4pokereasy: raises €0.15 to €0.25
Angelfs7: folds 
alexmls3: folds 
psyfreak 3~: folds 
ehbraga: calls €0.20
pipinoelbreve9: calls €0.15
*** FLOP *** [4s 6s 2s]
ehbraga: bets €0.36
pipinoelbreve9: folds 
4pokereasy: folds 
Uncalled bet (€0.36) returned to ehbraga
ehbraga collected €0.71 from pot
ehbraga: doesn't show hand 
*** SUMMARY ***
Total pot €0.75 | Rake €0.04 
Board [4s 6s 2s]
Seat 1: psyfreak 3~ (button) folded before Flop (didn't bet)
Seat 2: ehbraga (small blind) collected (€0.71)
Seat 3: pipinoelbreve9 (big blind) folded on the Flop
Seat 4: 4pokereasy folded on the Flop
Seat 5: Angelfs7 folded before Flop (didn't bet)
Seat 6: alexmls3 folded before Flop (didn't bet)



PokerStars Zoom Hand #257937311879:  Hold'em No Limit (€0.05/€0.10) - 2025/09/29 21:38:00 CET [2025/09/29 15:38:00 ET]
Table 'Caph' 6-max Seat #1 is the button
Seat 1: TURRKKISH (€11.32 in chips) 
Seat 2: M0rdeKais3r (€31.47 in chips) 
Seat 3: willywon221 (€9.24 in chips) 
Seat 4: Angelfs7 (€13.86 in chips) 
Seat 5: pipinoelbreve9 (€11.84 in chips) 
Seat 6: alexmls3 (€9.18 in chips) 
M0rdeKais3r: posts small blind €0.05
willywon221: posts big blind €0.10
*** HOLE CARDS ***
Dealt to pipinoelbreve9 [4s 4c]
Angelfs7: folds 
pipinoelbreve9: raises €0.20 to €0.30
alexmls3: raises €0.65 to €0.95
TURRKKISH: folds 
M0rdeKais3r: folds 
willywon221: folds 
pipinoelbreve9: folds 
Uncalled bet (€0.65) returned to alexmls3
alexmls3 collected €0.75 from pot
alexmls3: doesn't show hand 
*** SUMMARY ***
Total pot €0.75 | Rake €0 
Seat 1: TURRKKISH (button) folded before Flop (didn't bet)
Seat 2: M0rdeKais3r (small blind) folded before Flop
Seat 3: willywon221 (big blind) folded before Flop
Seat 4: Angelfs7 folded before Flop (didn't bet)
Seat 5: pipinoelbreve9 folded before Flop
Seat 6: alexmls3 collected (€0.75)



PokerStars Zoom Hand #257937316602:  Hold'em No Limit (€0.05/€0.10) - 2025/09/29 21:38:17 CET [2025/09/29 15:38:17 ET]
Table 'Caph' 6-max Seat #1 is the button
Seat 1: anddriu (€26.02 in chips) 
Seat 2: pipinoelbreve9 (€11.54 in chips) 
Seat 3: 4pokereasy (€9.75 in chips) 
Seat 4: $juancarraq$ (€16.76 in chips) 
Seat 5: Nikl2019 (€3.74 in chips) 
Seat 6: Miguelx1978 (€5.58 in chips) 
pipinoelbreve9: posts small blind €0.05
4pokereasy: posts big blind €0.10
*** HOLE CARDS ***
Dealt to pipinoelbreve9 [Ac 4d]
$juancarraq$ has timed out
$juancarraq$: folds 
Nikl2019: folds 
Miguelx1978: folds 
anddriu: raises €0.10 to €0.20
pipinoelbreve9: folds 
4pokereasy: calls €0.10
*** FLOP *** [6h Th Tc]
4pokereasy: checks 
anddriu: bets €0.22
4pokereasy: raises €0.65 to €0.87
anddriu: folds 
Uncalled bet (€0.65) returned to 4pokereasy
4pokereasy collected €0.85 from pot
4pokereasy: doesn't show hand 
*** SUMMARY ***
Total pot €0.89 | Rake €0.04 
Board [6h Th Tc]
Seat 1: anddriu (button) folded on the Flop
Seat 2: pipinoelbreve9 (small blind) folded before Flop
Seat 3: 4pokereasy (big blind) collected (€0.85)
Seat 4: $juancarraq$ folded before Flop (didn't bet)
Seat 5: Nikl2019 folded before Flop (didn't bet)
Seat 6: Miguelx1978 folded before Flop (didn't bet)



PokerStars Zoom Hand #257937323595:  Hold'em No Limit (€0.05/€0.10) - 2025/09/29 21:38:41 CET [2025/09/29 15:38:41 ET]
Table 'Caph' 6-max Seat #1 is the button
Seat 1: pipinoelbreve9 (€11.49 in chips) 
Seat 2: 4pokereasy (€10.24 in chips) 
Seat 3: EViiizWasteD (€10.15 in chips) 
Seat 4: Miguelx1978 (€5.53 in chips) 
Seat 5: LuisCesarQB (€10.74 in chips) 
Seat 6: Occhioni94 (€9.45 in chips) 
4pokereasy: posts small blind €0.05
EViiizWasteD: posts big blind €0.10
*** HOLE CARDS ***
Dealt to pipinoelbreve9 [Ts Th]
Miguelx1978: raises €0.25 to €0.35
LuisCesarQB: folds 
Occhioni94: folds 
pipinoelbreve9: calls €0.35
4pokereasy: folds 
EViiizWasteD: folds 
*** FLOP *** [Qs 4s 8d]
Miguelx1978: bets €0.81
pipinoelbreve9: calls €0.81
*** TURN *** [Qs 4s 8d] [Kc]
Miguelx1978: bets €2.35
pipinoelbreve9: folds 
Uncalled bet (€2.35) returned to Miguelx1978
Miguelx1978 collected €2.35 from pot
Miguelx1978: doesn't show hand 
*** SUMMARY ***
Total pot €2.47 | Rake €0.12 
Board [Qs 4s 8d Kc]
Seat 1: pipinoelbreve9 (button) folded on the Turn
Seat 2: 4pokereasy (small blind) folded before Flop
Seat 3: EViiizWasteD (big blind) folded before Flop
Seat 4: Miguelx1978 collected (€2.35)
Seat 5: LuisCesarQB folded before Flop (didn't bet)
Seat 6: Occhioni94 folded before Flop (didn't bet)



PokerStars Zoom Hand #257937332692:  Hold'em No Limit (€0.05/€0.10) - 2025/09/29 21:39:13 CET [2025/09/29 15:39:13 ET]
Table 'Caph' 6-max Seat #1 is the button
Seat 1: jasonuhi (€15.17 in chips) 
Seat 2: psyfreak 3~ (€11.40 in chips) 
Seat 3: JLL1929 (€11.44 in chips) 
Seat 4: pipinoelbreve9 (€10.33 in chips) 
Seat 5: alexmls3 (€9.53 in chips) 
Seat 6: SuperPiña2 (€34.40 in chips) 
psyfreak 3~: posts small blind €0.05
JLL1929: posts big blind €0.10
*** HOLE CARDS ***
Dealt to pipinoelbreve9 [9s 4h]
pipinoelbreve9: folds 
alexmls3: folds 
SuperPiña2: folds 
jasonuhi: folds 
psyfreak 3~: raises €0.20 to €0.30
JLL1929: folds 
Uncalled bet (€0.20) returned to psyfreak 3~
psyfreak 3~ collected €0.20 from pot
psyfreak 3~: doesn't show hand 
*** SUMMARY ***
Total pot €0.20 | Rake €0 
Seat 1: jasonuhi (button) folded before Flop (didn't bet)
Seat 2: psyfreak 3~ (small blind) collected (€0.20)
Seat 3: JLL1929 (big blind) folded before Flop
Seat 4: pipinoelbreve9 folded before Flop (didn't bet)
Seat 5: alexmls3 folded before Flop (didn't bet)
Seat 6: SuperPiña2 folded before Flop (didn't bet)



PokerStars Zoom Hand #257937334878:  Hold'em No Limit (€0.05/€0.10) - 2025/09/29 21:39:20 CET [2025/09/29 15:39:20 ET]
Table 'Caph' 6-max Seat #1 is the button
Seat 1: jbf12345678 (€10 in chips) 
Seat 2: lagasalahaga (€15.38 in chips) 
Seat 3: jose1986fcb (€10.25 in chips) 
Seat 4: 4pokereasy (€10.24 in chips) 
Seat 5: SuperPiña2 (€34.40 in chips) 
Seat 6: pipinoelbreve9 (€10.33 in chips) 
lagasalahaga: posts small blind €0.05
jose1986fcb: posts big blind €0.10
*** HOLE CARDS ***
Dealt to pipinoelbreve9 [Tc 2d]
4pokereasy: raises €0.15 to €0.25
SuperPiña2: folds 
pipinoelbreve9: folds 
jbf12345678: folds 
lagasalahaga: folds 
jose1986fcb: folds 
Uncalled bet (€0.15) returned to 4pokereasy
4pokereasy collected €0.25 from pot
4pokereasy: doesn't show hand 
*** SUMMARY ***
Total pot €0.25 | Rake €0 
Seat 1: jbf12345678 (button) folded before Flop (didn't bet)
Seat 2: lagasalahaga (small blind) folded before Flop
Seat 3: jose1986fcb (big blind) folded before Flop
Seat 4: 4pokereasy collected (€0.25)
Seat 5: SuperPiña2 folded before Flop (didn't bet)
Seat 6: pipinoelbreve9 folded before Flop (didn't bet)



PokerStars Zoom Hand #257937333728:  Hold'em No Limit (€0.05/€0.10) - 2025/09/29 21:39:16 CET [2025/09/29 15:39:16 ET]
Table 'Caph' 6-max Seat #1 is the button
Seat 1: FllanosB (€13.86 in chips) 
Seat 2: LuisGR90 (€10 in chips) 
Seat 3: JLL1929 (€23.39 in chips) 
Seat 4: EViiizWasteD (€10 in chips) 
Seat 5: pipinoelbreve9 (€10.33 in chips) 
Seat 6: ehbraga (€9.76 in chips) 
LuisGR90: posts small blind €0.05
JLL1929: posts big blind €0.10
*** HOLE CARDS ***
Dealt to pipinoelbreve9 [8s 9h]
EViiizWasteD: raises €0.20 to €0.30
pipinoelbreve9: folds 
ehbraga: folds 
FllanosB: folds 
LuisGR90: folds 
JLL1929: folds 
Uncalled bet (€0.20) returned to EViiizWasteD
EViiizWasteD collected €0.25 from pot
EViiizWasteD: doesn't show hand 
*** SUMMARY ***
Total pot €0.25 | Rake €0 
Seat 1: FllanosB (button) folded before Flop (didn't bet)
Seat 2: LuisGR90 (small blind) folded before Flop
Seat 3: JLL1929 (big blind) folded before Flop
Seat 4: EViiizWasteD collected (€0.25)
Seat 5: pipinoelbreve9 folded before Flop (didn't bet)
Seat 6: ehbraga folded before Flop (didn't bet)



PokerStars Zoom Hand #257937336308:  Hold'em No Limit (€0.05/€0.10) - 2025/09/29 21:39:25 CET [2025/09/29 15:39:25 ET]
Table 'Caph' 6-max Seat #1 is the button
Seat 1: torp35 (€8.83 in chips) 
Seat 2: LuisGR90 (€10.05 in chips) 
Seat 3: pipinoelbreve9 (€10.33 in chips) 
Seat 4: alecantero (€1.77 in chips) 
Seat 5: Originalbora (€16.86 in chips) 
Seat 6: EViiizWasteD (€14.68 in chips) 
LuisGR90: posts small blind €0.05
pipinoelbreve9: posts big blind €0.10
*** HOLE CARDS ***
Dealt to pipinoelbreve9 [2d 8d]
alecantero: folds 
Originalbora: folds 
EViiizWasteD: raises €0.20 to €0.30
torp35: folds 
LuisGR90: folds 
pipinoelbreve9: folds 
Uncalled bet (€0.20) returned to EViiizWasteD
EViiizWasteD collected €0.25 from pot
EViiizWasteD: doesn't show hand 
*** SUMMARY ***
Total pot €0.25 | Rake €0 
Seat 1: torp35 (button) folded before Flop (didn't bet)
Seat 2: LuisGR90 (small blind) folded before Flop
Seat 3: pipinoelbreve9 (big blind) folded before Flop
Seat 4: alecantero folded before Flop (didn't bet)
Seat 5: Originalbora folded before Flop (didn't bet)
Seat 6: EViiizWasteD collected (€0.25)



PokerStars Zoom Hand #257937340963:  Hold'em No Limit (€0.05/€0.10) - 2025/09/29 21:39:41 CET [2025/09/29 15:39:41 ET]
Table 'Caph' 6-max Seat #1 is the button
Seat 1: pipinoelbreve9 (€10.18 in chips) 
Seat 2: Angelfs7 (€11.70 in chips) 
Seat 3: EViiizWasteD (€10.15 in chips) 
Seat 4: LuisCesarQB (€10 in chips) 
Seat 5: demomentopas (€8.66 in chips) 
Seat 6: pobrekenny (€8.70 in chips) 
Angelfs7: posts small blind €0.05
EViiizWasteD: posts big blind €0.10
*** HOLE CARDS ***
Dealt to pipinoelbreve9 [Ac Ah]
LuisCesarQB: folds 
demomentopas: folds 
pobrekenny: raises €0.15 to €0.25
pipinoelbreve9: raises €0.45 to €0.70
Angelfs7: folds 
EViiizWasteD: folds 
pobrekenny: folds 
Uncalled bet (€0.45) returned to pipinoelbreve9
pipinoelbreve9 collected €0.65 from pot
pipinoelbreve9: doesn't show hand 
*** SUMMARY ***
Total pot €0.65 | Rake €0 
Seat 1: pipinoelbreve9 (button) collected (€0.65)
Seat 2: Angelfs7 (small blind) folded before Flop
Seat 3: EViiizWasteD (big blind) folded before Flop
Seat 4: LuisCesarQB folded before Flop (didn't bet)
Seat 5: demomentopas folded before Flop (didn't bet)
Seat 6: pobrekenny folded before Flop



PokerStars Zoom Hand #257937348113:  Hold'em No Limit (€0.05/€0.10) - 2025/09/29 21:40:07 CET [2025/09/29 15:40:07 ET]
Table 'Caph' 6-max Seat #1 is the button
Seat 1: jbf12345678 (€10.24 in chips) 
Seat 2: el+fishdto2s (€4.95 in chips) 
Seat 3: LuisCesarQB (€15.54 in chips) 
Seat 4: anddriu (€16.92 in chips) 
Seat 5: pipinoelbreve9 (€10.58 in chips) 
Seat 6: willywon221 (€2.89 in chips) 
el+fishdto2s: posts small blind €0.05
LuisCesarQB: posts big blind €0.10
*** HOLE CARDS ***
Dealt to pipinoelbreve9 [4c Qs]
anddriu: folds 
pipinoelbreve9: folds 
willywon221: folds 
jbf12345678: folds 
el+fishdto2s: folds 
Uncalled bet (€0.05) returned to LuisCesarQB
LuisCesarQB collected €0.10 from pot
LuisCesarQB: doesn't show hand 
*** SUMMARY ***
Total pot €0.10 | Rake €0 
Seat 1: jbf12345678 (button) folded before Flop (didn't bet)
Seat 2: el+fishdto2s (small blind) folded before Flop
Seat 3: LuisCesarQB (big blind) collected (€0.10)
Seat 4: anddriu folded before Flop (didn't bet)
Seat 5: pipinoelbreve9 folded before Flop (didn't bet)
Seat 6: willywon221 folded before Flop (didn't bet)



PokerStars Zoom Hand #257937339767:  Hold'em No Limit (€0.05/€0.10) - 2025/09/29 21:39:37 CET [2025/09/29 15:39:37 ET]
Table 'Caph' 6-max Seat #1 is the button
Seat 1: JAM.FCM (€14.04 in chips) 
Seat 2: pipinoelbreve9 (€10.23 in chips) 
Seat 3: IRIS7577 (€14.21 in chips) 
Seat 4: Originalbora (€16.81 in chips) 
Seat 5: EuLTioBraco (€13.40 in chips) 
Seat 6: torp35 (€7.04 in chips) 
pipinoelbreve9: posts small blind €0.05
IRIS7577: posts big blind €0.10
*** HOLE CARDS ***
Dealt to pipinoelbreve9 [7h Jc]
Originalbora: raises €0.12 to €0.22
EuLTioBraco: calls €0.22
torp35: folds 
JAM.FCM: calls €0.22
pipinoelbreve9: folds 
IRIS7577: calls €0.12
*** FLOP *** [Jd 4c 3h]
IRIS7577: checks 
Originalbora: bets €0.22
EuLTioBraco: folds 
JAM.FCM: calls €0.22
IRIS7577: folds 
*** TURN *** [Jd 4c 3h] [7c]
Originalbora: bets €0.58
JAM.FCM: calls €0.58
*** RIVER *** [Jd 4c 3h 7c] [8c]
Originalbora: checks 
JAM.FCM: checks 
*** SHOW DOWN ***
Originalbora: shows [Td Tc] (a pair of Tens)
JAM.FCM: shows [Js Kd] (a pair of Jacks)
JAM.FCM collected €2.40 from pot
*** SUMMARY ***
Total pot €2.53 | Rake €0.13 
Board [Jd 4c 3h 7c 8c]
Seat 1: JAM.FCM (button) showed [Js Kd] and won (€2.40) with a pair of Jacks
Seat 2: pipinoelbreve9 (small blind) folded before Flop
Seat 3: IRIS7577 (big blind) folded on the Flop
Seat 4: Originalbora showed [Td Tc] and lost with a pair of Tens
Seat 5: EuLTioBraco folded on the Flop
Seat 6: torp35 folded before Flop (didn't bet)



PokerStars Zoom Hand #257937349173:  Hold'em No Limit (€0.05/€0.10) - 2025/09/29 21:40:10 CET [2025/09/29 15:40:10 ET]
Table 'Caph' 6-max Seat #1 is the button
Seat 1: LuisGR90 (€10 in chips) 
Seat 2: JLL1929 (€11.39 in chips) 
Seat 3: pipinoelbreve9 (€10.58 in chips) 
Seat 4: TURRKKISH (€9.22 in chips) 
Seat 5: EViiizWasteD (€10 in chips) 
Seat 6: lagasalahaga (€15.68 in chips) 
JLL1929: posts small blind €0.05
pipinoelbreve9: posts big blind €0.10
*** HOLE CARDS ***
Dealt to pipinoelbreve9 [2h Jd]
TURRKKISH: folds 
EViiizWasteD: folds 
lagasalahaga: raises €0.20 to €0.30
LuisGR90: folds 
JLL1929: folds 
pipinoelbreve9: folds 
Uncalled bet (€0.20) returned to lagasalahaga
lagasalahaga collected €0.25 from pot
lagasalahaga: doesn't show hand 
*** SUMMARY ***
Total pot €0.25 | Rake €0 
Seat 1: LuisGR90 (button) folded before Flop (didn't bet)
Seat 2: JLL1929 (small blind) folded before Flop
Seat 3: pipinoelbreve9 (big blind) folded before Flop
Seat 4: TURRKKISH folded before Flop (didn't bet)
Seat 5: EViiizWasteD folded before Flop (didn't bet)
Seat 6: lagasalahaga collected (€0.25)



PokerStars Zoom Hand #257937350875:  Hold'em No Limit (€0.05/€0.10) - 2025/09/29 21:40:16 CET [2025/09/29 15:40:16 ET]
Table 'Caph' 6-max Seat #1 is the button
Seat 1: ehbraga (€9.61 in chips) 
Seat 2: alexmls3 (€9.28 in chips) 
Seat 3: jbf12345678 (€10.24 in chips) 
Seat 4: pipinoelbreve9 (€10.48 in chips) 
Seat 5: JLL1929 (€24.80 in chips) 
Seat 6: SuperPiña2 (€33.85 in chips) 
alexmls3: posts small blind €0.05
jbf12345678: posts big blind €0.10
*** HOLE CARDS ***
Dealt to pipinoelbreve9 [5h Qs]
pipinoelbreve9: folds 
JLL1929: folds 
SuperPiña2: raises €0.15 to €0.25
ehbraga: folds 
alexmls3: folds 
jbf12345678: folds 
Uncalled bet (€0.15) returned to SuperPiña2
SuperPiña2 collected €0.25 from pot
SuperPiña2: doesn't show hand 
*** SUMMARY ***
Total pot €0.25 | Rake €0 
Seat 1: ehbraga (button) folded before Flop (didn't bet)
Seat 2: alexmls3 (small blind) folded before Flop
Seat 3: jbf12345678 (big blind) folded before Flop
Seat 4: pipinoelbreve9 folded before Flop (didn't bet)
Seat 5: JLL1929 folded before Flop (didn't bet)
Seat 6: SuperPiña2 collected (€0.25)



PokerStars Zoom Hand #257937355243:  Hold'em No Limit (€0.05/€0.10) - 2025/09/29 21:40:32 CET [2025/09/29 15:40:32 ET]
Table 'Caph' 6-max Seat #1 is the button
Seat 1: pipinoelbreve9 (€10.43 in chips) 
Seat 2: JLL1929 (€24.85 in chips) 
Seat 3: IRIS7577 (€14.04 in chips) 
Seat 4: Capitan Aab (€10.68 in chips) 
Seat 5: 4pokereasy (€10.21 in chips) 
Seat 6: el+fishdto2s (€4.90 in chips) 
JLL1929: posts small blind €0.05
IRIS7577: posts big blind €0.10
*** HOLE CARDS ***
Dealt to pipinoelbreve9 [9d 5s]
Capitan Aab: folds 
4pokereasy: folds 
el+fishdto2s: folds 
pipinoelbreve9: folds 
JLL1929: folds 
Uncalled bet (€0.05) returned to IRIS7577
IRIS7577 collected €0.10 from pot
IRIS7577: doesn't show hand 
*** SUMMARY ***
Total pot €0.10 | Rake €0 
Seat 1: pipinoelbreve9 (button) folded before Flop (didn't bet)
Seat 2: JLL1929 (small blind) folded before Flop
Seat 3: IRIS7577 (big blind) collected (€0.10)
Seat 4: Capitan Aab folded before Flop (didn't bet)
Seat 5: 4pokereasy folded before Flop (didn't bet)
Seat 6: el+fishdto2s folded before Flop (didn't bet)



PokerStars Zoom Hand #257937347197:  Hold'em No Limit (€0.05/€0.10) - 2025/09/29 21:40:03 CET [2025/09/29 15:40:03 ET]
Table 'Caph' 6-max Seat #1 is the button
Seat 1: pikamanu (€6.21 in chips) 
Seat 2: Originalbora (€17.68 in chips) 
Seat 3: 4pokereasy (€10.04 in chips) 
Seat 4: Svga420 (€7.10 in chips) 
Seat 5: Miguelx1978 (€6.57 in chips) 
Seat 6: pipinoelbreve9 (€10.58 in chips) 
Originalbora: posts small blind €0.05
4pokereasy: posts big blind €0.10
*** HOLE CARDS ***
Dealt to pipinoelbreve9 [8s 9c]
Svga420: raises €0.10 to €0.20
Miguelx1978: folds 
pipinoelbreve9: folds 
pikamanu: calls €0.20
Originalbora: folds 
4pokereasy: folds 
*** FLOP *** [Qc 3d 5s]
Svga420: checks 
pikamanu: checks 
*** TURN *** [Qc 3d 5s] [Kd]
Svga420: checks 
pikamanu: bets €0.26
Svga420: calls €0.26
*** RIVER *** [Qc 3d 5s Kd] [8c]
Svga420: checks 
pikamanu: bets €0.77
Svga420: raises €0.97 to €1.74
pikamanu: folds 
Uncalled bet (€0.97) returned to Svga420
Svga420 collected €2.48 from pot
Svga420: doesn't show hand 
*** SUMMARY ***
Total pot €2.61 | Rake €0.13 
Board [Qc 3d 5s Kd 8c]
Seat 1: pikamanu (button) folded on the River
Seat 2: Originalbora (small blind) folded before Flop
Seat 3: 4pokereasy (big blind) folded before Flop
Seat 4: Svga420 collected (€2.48)
Seat 5: Miguelx1978 folded before Flop (didn't bet)
Seat 6: pipinoelbreve9 folded before Flop (didn't bet)



PokerStars Zoom Hand #257937358166:  Hold'em No Limit (€0.05/€0.10) - 2025/09/29 21:40:41 CET [2025/09/29 15:40:41 ET]
Table 'Caph' 6-max Seat #1 is the button
Seat 1: jbtosoni (€5.38 in chips) 
Seat 2: Angelfs7 (€10 in chips) 
Seat 3: EuLTioBraco (€12.87 in chips) 
Seat 4: anddriu (€25.48 in chips) 
Seat 5: M0rdeKais3r (€31.50 in chips) 
Seat 6: pipinoelbreve9 (€10.43 in chips) 
Angelfs7: posts small blind €0.05
EuLTioBraco: posts big blind €0.10
*** HOLE CARDS ***
Dealt to pipinoelbreve9 [9h 2h]
anddriu: folds 
M0rdeKais3r: folds 
pipinoelbreve9: folds 
jbtosoni: calls €0.10
Angelfs7: folds 
EuLTioBraco: checks 
*** FLOP *** [6s 3h 8s]
EuLTioBraco: bets €0.18
jbtosoni: calls €0.18
*** TURN *** [6s 3h 8s] [9c]
EuLTioBraco: bets €0.19
jbtosoni: calls €0.19
*** RIVER *** [6s 3h 8s 9c] [2s]
EuLTioBraco: checks 
jbtosoni: checks 
*** SHOW DOWN ***
EuLTioBraco: shows [Th 8c] (a pair of Eights)
jbtosoni: mucks hand 
EuLTioBraco collected €0.94 from pot
*** SUMMARY ***
Total pot €0.99 | Rake €0.05 
Board [6s 3h 8s 9c 2s]
Seat 1: jbtosoni (button) mucked [5d Kd]
Seat 2: Angelfs7 (small blind) folded before Flop
Seat 3: EuLTioBraco (big blind) showed [Th 8c] and won (€0.94) with a pair of Eights
Seat 4: anddriu folded before Flop (didn't bet)
Seat 5: M0rdeKais3r folded before Flop (didn't bet)
Seat 6: pipinoelbreve9 folded before Flop (didn't bet)



PokerStars Zoom Hand #257937359259:  Hold'em No Limit (€0.05/€0.10) - 2025/09/29 21:40:45 CET [2025/09/29 15:40:45 ET]
Table 'Caph' 6-max Seat #1 is the button
Seat 1: pobrekenny (€8.15 in chips) 
Seat 2: WaNtEd_o0 (€5.04 in chips) 
Seat 3: pipinoelbreve9 (€10.43 in chips) 
Seat 4: richdog2560 (€15.60 in chips) 
Seat 5: ehbraga (€10.44 in chips) 
Seat 6: Capitan Aab (€10.63 in chips) 
WaNtEd_o0: posts small blind €0.05
pipinoelbreve9: posts big blind €0.10
*** HOLE CARDS ***
Dealt to pipinoelbreve9 [2s 9s]
richdog2560: folds 
ehbraga is disconnected 
ehbraga has timed out while disconnected
ehbraga: folds 
Capitan Aab: folds 
pobrekenny: raises €0.15 to €0.25
WaNtEd_o0: folds 
pipinoelbreve9: folds 
Uncalled bet (€0.15) returned to pobrekenny
pobrekenny collected €0.25 from pot
pobrekenny: doesn't show hand 
*** SUMMARY ***
Total pot €0.25 | Rake €0 
Seat 1: pobrekenny (button) collected (€0.25)
Seat 2: WaNtEd_o0 (small blind) folded before Flop
Seat 3: pipinoelbreve9 (big blind) folded before Flop
Seat 4: richdog2560 folded before Flop (didn't bet)
Seat 5: ehbraga folded before Flop (didn't bet)
Seat 6: Capitan Aab folded before Flop (didn't bet)



PokerStars Zoom Hand #257937356680:  Hold'em No Limit (€0.05/€0.10) - 2025/09/29 21:40:36 CET [2025/09/29 15:40:36 ET]
Table 'Caph' 6-max Seat #1 is the button
Seat 1: Coldeu (€17.97 in chips) 
Seat 2: loicman66 (€3.89 in chips) 
Seat 3: EViiizWasteD (€10.32 in chips) 
Seat 4: pipinoelbreve9 (€10.43 in chips) 
Seat 5: Angelfs7 (€10 in chips) 
Seat 6: jbtosoni (€5.38 in chips) 
loicman66: posts small blind €0.05
EViiizWasteD: posts big blind €0.10
*** HOLE CARDS ***
Dealt to pipinoelbreve9 [6s 9c]
pipinoelbreve9: folds 
Angelfs7: folds 
jbtosoni: folds 
Coldeu: raises €0.12 to €0.22
loicman66: calls €0.17
EViiizWasteD: raises €1.18 to €1.40
Coldeu: folds 
loicman66: folds 
Uncalled bet (€1.18) returned to EViiizWasteD
EViiizWasteD collected €0.66 from pot
EViiizWasteD: doesn't show hand 
*** SUMMARY ***
Total pot €0.66 | Rake €0 
Seat 1: Coldeu (button) folded before Flop
Seat 2: loicman66 (small blind) folded before Flop
Seat 3: EViiizWasteD (big blind) collected (€0.66)
Seat 4: pipinoelbreve9 folded before Flop (didn't bet)
Seat 5: Angelfs7 folded before Flop (didn't bet)
Seat 6: jbtosoni folded before Flop (didn't bet)



PokerStars Zoom Hand #257937366045:  Hold'em No Limit (€0.05/€0.10) - 2025/09/29 21:41:09 CET [2025/09/29 15:41:09 ET]
Table 'Caph' 6-max Seat #1 is the button
Seat 1: LuisCesarQB (€10.09 in chips) 
Seat 2: pipinoelbreve9 (€10.33 in chips) 
Seat 3: anar1312 (€10 in chips) 
Seat 4: yeyegb11 (€17.62 in chips) 
Seat 5: psyfreak 3~ (€37.46 in chips) 
Seat 6: ehbraga (€9.61 in chips) 
pipinoelbreve9: posts small blind €0.05
anar1312: posts big blind €0.10
*** HOLE CARDS ***
Dealt to pipinoelbreve9 [Td 3d]
yeyegb11: folds 
psyfreak 3~: folds 
ehbraga: folds 
LuisCesarQB: folds 
pipinoelbreve9: folds 
Uncalled bet (€0.05) returned to anar1312
anar1312 collected €0.10 from pot
anar1312: doesn't show hand 
*** SUMMARY ***
Total pot €0.10 | Rake €0 
Seat 1: LuisCesarQB (button) folded before Flop (didn't bet)
Seat 2: pipinoelbreve9 (small blind) folded before Flop
Seat 3: anar1312 (big blind) collected (€0.10)
Seat 4: yeyegb11 folded before Flop (didn't bet)
Seat 5: psyfreak 3~ folded before Flop (didn't bet)
Seat 6: ehbraga folded before Flop (didn't bet)



PokerStars Zoom Hand #257937367454:  Hold'em No Limit (€0.05/€0.10) - 2025/09/29 21:41:14 CET [2025/09/29 15:41:14 ET]
Table 'Caph' 6-max Seat #1 is the button
Seat 1: pipinoelbreve9 (€10.28 in chips) 
Seat 2: EuLTioBraco (€14.64 in chips) 
Seat 3: ehbraga (€9.61 in chips) 
Seat 4: willywon221 (€2.89 in chips) 
Seat 5: EViiizWasteD (€10 in chips) 
Seat 6: JLL1929 (€25.12 in chips) 
EuLTioBraco: posts small blind €0.05
ehbraga: posts big blind €0.10
*** HOLE CARDS ***
Dealt to pipinoelbreve9 [5c 4h]
willywon221: folds 
EViiizWasteD: folds 
JLL1929: folds 
pipinoelbreve9: folds 
EuLTioBraco: raises €0.16 to €0.26
ehbraga: folds 
Uncalled bet (€0.16) returned to EuLTioBraco
EuLTioBraco collected €0.20 from pot
EuLTioBraco: doesn't show hand 
*** SUMMARY ***
Total pot €0.20 | Rake €0 
Seat 1: pipinoelbreve9 (button) folded before Flop (didn't bet)
Seat 2: EuLTioBraco (small blind) collected (€0.20)
Seat 3: ehbraga (big blind) folded before Flop
Seat 4: willywon221 folded before Flop (didn't bet)
Seat 5: EViiizWasteD folded before Flop (didn't bet)
Seat 6: JLL1929 folded before Flop (didn't bet)



PokerStars Zoom Hand #257937351976:  Hold'em No Limit (€0.05/€0.10) - 2025/09/29 21:40:20 CET [2025/09/29 15:40:20 ET]
Table 'Caph' 6-max Seat #1 is the button
Seat 1: alexmls3 (€9.23 in chips) 
Seat 2: richdog2560 (€14.89 in chips) 
Seat 3: almogaverr (€8.01 in chips) 
Seat 4: pipinoelbreve9 (€10.48 in chips) 
Seat 5: lagasalahaga (€15.83 in chips) 
Seat 6: 4pokereasy (€9.71 in chips) 
richdog2560: posts small blind €0.05
almogaverr: posts big blind €0.10
*** HOLE CARDS ***
Dealt to pipinoelbreve9 [5s 2s]
pipinoelbreve9: folds 
lagasalahaga: raises €0.20 to €0.30
4pokereasy: folds 
alexmls3: raises €0.65 to €0.95
richdog2560: calls €0.90
almogaverr: calls €0.85
lagasalahaga: folds 
*** FLOP *** [7c Ad Kd]
richdog2560: checks 
almogaverr: checks 
alexmls3: bets €1.49
richdog2560: folds 
almogaverr: folds 
Uncalled bet (€1.49) returned to alexmls3
alexmls3 collected €2.99 from pot
alexmls3: doesn't show hand 
*** SUMMARY ***
Total pot €3.15 | Rake €0.16 
Board [7c Ad Kd]
Seat 1: alexmls3 (button) collected (€2.99)
Seat 2: richdog2560 (small blind) folded on the Flop
Seat 3: almogaverr (big blind) folded on the Flop
Seat 4: pipinoelbreve9 folded before Flop (didn't bet)
Seat 5: lagasalahaga folded before Flop
Seat 6: 4pokereasy folded before Flop (didn't bet)



PokerStars Zoom Hand #257937354156:  Hold'em No Limit (€0.05/€0.10) - 2025/09/29 21:40:28 CET [2025/09/29 15:40:28 ET]
Table 'Caph' 6-max Seat #1 is the button
Seat 1: psyfreak 3~ (€11.55 in chips) 
Seat 2: pipinoelbreve9 (€10.48 in chips) 
Seat 3: dannygomes23 (€10 in chips) 
Seat 4: ehbraga (€9.61 in chips) 
Seat 5: Nikl2019 (€4.05 in chips) 
Seat 6: LuisGR90 (€11.15 in chips) 
pipinoelbreve9: posts small blind €0.05
dannygomes23: posts big blind €0.10
*** HOLE CARDS ***
Dealt to pipinoelbreve9 [6s 4c]
ehbraga: folds 
Nikl2019: raises €0.20 to €0.30
LuisGR90: folds 
psyfreak 3~: calls €0.30
pipinoelbreve9: folds 
dannygomes23: folds 
*** FLOP *** [4h Ac Td]
Nikl2019: bets €0.10
psyfreak 3~: calls €0.10
*** TURN *** [4h Ac Td] [4d]
Nikl2019: bets €0.45
psyfreak 3~: calls €0.45
*** RIVER *** [4h Ac Td 4d] [4s]
Nikl2019: bets €0.88
psyfreak 3~: calls €0.88
*** SHOW DOWN ***
Nikl2019: shows [Th Ts] (a full house, Tens full of Fours)
psyfreak 3~: mucks hand 
Nikl2019 collected €3.43 from pot
*** SUMMARY ***
Total pot €3.61 | Rake €0.18 
Board [4h Ac Td 4d 4s]
Seat 1: psyfreak 3~ (button) mucked [Qc Tc]
Seat 2: pipinoelbreve9 (small blind) folded before Flop
Seat 3: dannygomes23 (big blind) folded before Flop
Seat 4: ehbraga folded before Flop (didn't bet)
Seat 5: Nikl2019 showed [Th Ts] and won (€3.43) with a full house, Tens full of Fours
Seat 6: LuisGR90 folded before Flop (didn't bet)



PokerStars Zoom Hand #257937368310:  Hold'em No Limit (€0.05/€0.10) - 2025/09/29 21:41:17 CET [2025/09/29 15:41:17 ET]
Table 'Caph' 6-max Seat #1 is the button
Seat 1: el+fishdto2s (€5.37 in chips) 
Seat 2: anddriu (€25.38 in chips) 
Seat 3: Angelfs7 (€10 in chips) 
Seat 4: loicman66 (€3.67 in chips) 
Seat 5: Coldeu (€17.04 in chips) 
Seat 6: pipinoelbreve9 (€10.28 in chips) 
anddriu: posts small blind €0.05
Angelfs7: posts big blind €0.10
*** HOLE CARDS ***
Dealt to pipinoelbreve9 [Jd 3s]
loicman66: folds 
Coldeu: folds 
pipinoelbreve9: folds 
el+fishdto2s: folds 
anddriu: raises €0.20 to €0.30
Angelfs7: folds 
Uncalled bet (€0.20) returned to anddriu
anddriu collected €0.20 from pot
anddriu: doesn't show hand 
*** SUMMARY ***
Total pot €0.20 | Rake €0 
Seat 1: el+fishdto2s (button) folded before Flop (didn't bet)
Seat 2: anddriu (small blind) collected (€0.20)
Seat 3: Angelfs7 (big blind) folded before Flop
Seat 4: loicman66 folded before Flop (didn't bet)
Seat 5: Coldeu folded before Flop (didn't bet)
Seat 6: pipinoelbreve9 folded before Flop (didn't bet)



PokerStars Zoom Hand #257937369123:  Hold'em No Limit (€0.05/€0.10) - 2025/09/29 21:41:20 CET [2025/09/29 15:41:20 ET]
Table 'Caph' 6-max Seat #1 is the button
Seat 1: EViiizWasteD (€10.71 in chips) 
Seat 2: Coldeu (€17.04 in chips) 
Seat 3: lagasalahaga (€15.53 in chips) 
Seat 4: almogaverr (€7.06 in chips) 
Seat 5: pipinoelbreve9 (€10.28 in chips) 
Seat 6: LuisCesarQB (€10.09 in chips) 
Coldeu: posts small blind €0.05
lagasalahaga: posts big blind €0.10
*** HOLE CARDS ***
Dealt to pipinoelbreve9 [8d 6d]
almogaverr: folds 
pipinoelbreve9: folds 
LuisCesarQB: raises €0.15 to €0.25
EViiizWasteD: raises €0.50 to €0.75
Coldeu: folds 
lagasalahaga: folds 
LuisCesarQB: folds 
Uncalled bet (€0.50) returned to EViiizWasteD
EViiizWasteD collected €0.65 from pot
EViiizWasteD: doesn't show hand 
*** SUMMARY ***
Total pot €0.65 | Rake €0 
Seat 1: EViiizWasteD (button) collected (€0.65)
Seat 2: Coldeu (small blind) folded before Flop
Seat 3: lagasalahaga (big blind) folded before Flop
Seat 4: almogaverr folded before Flop (didn't bet)
Seat 5: pipinoelbreve9 folded before Flop (didn't bet)
Seat 6: LuisCesarQB folded before Flop



PokerStars Zoom Hand #257937370518:  Hold'em No Limit (€0.05/€0.10) - 2025/09/29 21:41:24 CET [2025/09/29 15:41:24 ET]
Table 'Caph' 6-max Seat #1 is the button
Seat 1: ehbraga (€9.51 in chips) 
Seat 2: SANAZ61 (€10.10 in chips) 
Seat 3: pipinoelbreve9 (€10.28 in chips) 
Seat 4: SuperPiña2 (€34.22 in chips) 
Seat 5: EuLTioBraco (€14.74 in chips) 
Seat 6: richdog2560 (€13.94 in chips) 
SANAZ61: posts small blind €0.05
pipinoelbreve9: posts big blind €0.10
*** HOLE CARDS ***
Dealt to pipinoelbreve9 [Kc 3c]
SuperPiña2: folds 
EuLTioBraco: raises €0.16 to €0.26
richdog2560: folds 
ehbraga: folds 
SANAZ61: folds 
pipinoelbreve9: calls €0.16
*** FLOP *** [8h Jd 7s]
pipinoelbreve9: checks 
EuLTioBraco: bets €0.18
pipinoelbreve9: folds 
Uncalled bet (€0.18) returned to EuLTioBraco
EuLTioBraco collected €0.54 from pot
EuLTioBraco: doesn't show hand 
*** SUMMARY ***
Total pot €0.57 | Rake €0.03 
Board [8h Jd 7s]
Seat 1: ehbraga (button) folded before Flop (didn't bet)
Seat 2: SANAZ61 (small blind) folded before Flop
Seat 3: pipinoelbreve9 (big blind) folded on the Flop
Seat 4: SuperPiña2 folded before Flop (didn't bet)
Seat 5: EuLTioBraco collected (€0.54)
Seat 6: richdog2560 folded before Flop (didn't bet)



PokerStars Zoom Hand #257937376934:  Hold'em No Limit (€0.05/€0.10) - 2025/09/29 21:41:47 CET [2025/09/29 15:41:47 ET]
Table 'Caph' 6-max Seat #1 is the button
Seat 1: TURRKKISH (€9.68 in chips) 
Seat 2: FllanosB (€14.30 in chips) 
Seat 3: SANAZ61 (€10.20 in chips) 
Seat 4: ehbraga (€9.46 in chips) 
Seat 5: pipinoelbreve9 (€10.02 in chips) 
Seat 6: JLL1929 (€11.85 in chips) 
FllanosB: posts small blind €0.05
SANAZ61: posts big blind €0.10
*** HOLE CARDS ***
Dealt to pipinoelbreve9 [3s 9s]
ehbraga: folds 
pipinoelbreve9: folds 
JLL1929: folds 
TURRKKISH: folds 
FllanosB: folds 
Uncalled bet (€0.05) returned to SANAZ61
SANAZ61 collected €0.10 from pot
SANAZ61: doesn't show hand 
*** SUMMARY ***
Total pot €0.10 | Rake €0 
Seat 1: TURRKKISH (button) folded before Flop (didn't bet)
Seat 2: FllanosB (small blind) folded before Flop
Seat 3: SANAZ61 (big blind) collected (€0.10)
Seat 4: ehbraga folded before Flop (didn't bet)
Seat 5: pipinoelbreve9 folded before Flop (didn't bet)
Seat 6: JLL1929 folded before Flop (didn't bet)



PokerStars Zoom Hand #257937378004:  Hold'em No Limit (€0.05/€0.10) - 2025/09/29 21:41:51 CET [2025/09/29 15:41:51 ET]
Table 'Caph' 6-max Seat #1 is the button
Seat 1: yeyegb11 (€17.52 in chips) 
Seat 2: pipinoelbreve9 (€10.02 in chips) 
Seat 3: pikamanu (€9.46 in chips) 
Seat 4: shamara2015 (€7.10 in chips) 
Seat 5: Angelfs7 (€10 in chips) 
Seat 6: ehbraga (€9.46 in chips) 
pipinoelbreve9: posts small blind €0.05
pikamanu: posts big blind €0.10
*** HOLE CARDS ***
Dealt to pipinoelbreve9 [6s 7s]
shamara2015: folds 
Angelfs7: folds 
ehbraga: folds 
yeyegb11: raises €0.10 to €0.20
pipinoelbreve9: raises €0.80 to €1
pikamanu: folds 
yeyegb11: calls €0.80
*** FLOP *** [Qh 3d Td]
pipinoelbreve9: checks 
yeyegb11: checks 
*** TURN *** [Qh 3d Td] [6h]
pipinoelbreve9: checks 
yeyegb11: checks 
*** RIVER *** [Qh 3d Td 6h] [3h]
pipinoelbreve9: checks 
yeyegb11: checks 
*** SHOW DOWN ***
pipinoelbreve9: shows [6s 7s] (two pair, Sixes and Threes)
yeyegb11: mucks hand 
pipinoelbreve9 collected €2 from pot
*** SUMMARY ***
Total pot €2.10 | Rake €0.10 
Board [Qh 3d Td 6h 3h]
Seat 1: yeyegb11 (button) mucked [7c Kc]
Seat 2: pipinoelbreve9 (small blind) showed [6s 7s] and won (€2) with two pair, Sixes and Threes
Seat 3: pikamanu (big blind) folded before Flop
Seat 4: shamara2015 folded before Flop (didn't bet)
Seat 5: Angelfs7 folded before Flop (didn't bet)
Seat 6: ehbraga folded before Flop (didn't bet)



PokerStars Zoom Hand #257937402952:  Hold'em No Limit (€0.05/€0.10) - 2025/09/29 21:43:17 CET [2025/09/29 15:43:17 ET]
Table 'Caph' 6-max Seat #1 is the button
Seat 1: EViiizWasteD (€10.95 in chips) 
Seat 2: LuisCesarQB (€10 in chips) 
Seat 3: pipinoelbreve9 (€11.02 in chips) 
Seat 4: yeyegb11 (€16.47 in chips) 
Seat 5: LuisXIV_23 (€6.05 in chips) 
Seat 6: SANAZ61 (€6.30 in chips) 
LuisCesarQB: posts small blind €0.05
pipinoelbreve9: posts big blind €0.10
*** HOLE CARDS ***
Dealt to pipinoelbreve9 [Qd 3s]
yeyegb11: raises €0.20 to €0.30
LuisXIV_23: folds 
SANAZ61: folds 
EViiizWasteD: folds 
LuisCesarQB: folds 
pipinoelbreve9: folds 
Uncalled bet (€0.20) returned to yeyegb11
yeyegb11 collected €0.25 from pot
yeyegb11: doesn't show hand 
*** SUMMARY ***
Total pot €0.25 | Rake €0 
Seat 1: EViiizWasteD (button) folded before Flop (didn't bet)
Seat 2: LuisCesarQB (small blind) folded before Flop
Seat 3: pipinoelbreve9 (big blind) folded before Flop
Seat 4: yeyegb11 collected (€0.25)
Seat 5: LuisXIV_23 folded before Flop (didn't bet)
Seat 6: SANAZ61 folded before Flop (didn't bet)



PokerStars Zoom Hand #257937397938:  Hold'em No Limit (€0.05/€0.10) - 2025/09/29 21:43:00 CET [2025/09/29 15:43:00 ET]
Table 'Caph' 6-max Seat #1 is the button
Seat 1: pipinoelbreve9 (€11.02 in chips) 
Seat 2: 4pokereasy (€9.94 in chips) 
Seat 3: jasonuhi (€14.73 in chips) 
Seat 4: yeyegb11 (€16.52 in chips) 
Seat 5: ehbraga (€9.21 in chips) 
Seat 6: pikamanu (€9.11 in chips) 
4pokereasy: posts small blind €0.05
jasonuhi: posts big blind €0.10
*** HOLE CARDS ***
Dealt to pipinoelbreve9 [3h As]
yeyegb11: folds 
ehbraga: folds 
pikamanu: folds 
pipinoelbreve9: folds 
4pokereasy: raises €0.20 to €0.30
jasonuhi: raises €0.60 to €0.90
4pokereasy: calls €0.60
*** FLOP *** [4c 2s Jd]
4pokereasy: checks 
jasonuhi: checks 
*** TURN *** [4c 2s Jd] [Kc]
4pokereasy: checks 
jasonuhi: bets €1.03
4pokereasy: folds 
Uncalled bet (€1.03) returned to jasonuhi
jasonuhi collected €1.71 from pot
jasonuhi: doesn't show hand 
*** SUMMARY ***
Total pot €1.80 | Rake €0.09 
Board [4c 2s Jd Kc]
Seat 1: pipinoelbreve9 (button) folded before Flop (didn't bet)
Seat 2: 4pokereasy (small blind) folded on the Turn
Seat 3: jasonuhi (big blind) collected (€1.71)
Seat 4: yeyegb11 folded before Flop (didn't bet)
Seat 5: ehbraga folded before Flop (didn't bet)
Seat 6: pikamanu folded before Flop (didn't bet)



PokerStars Zoom Hand #257937399771:  Hold'em No Limit (€0.05/€0.10) - 2025/09/29 21:43:06 CET [2025/09/29 15:43:06 ET]
Table 'Caph' 6-max Seat #1 is the button
Seat 1: Angelfs7 (€11.40 in chips) 
Seat 2: el+fishdto2s (€5.34 in chips) 
Seat 3: LuisCesarQB (€15.54 in chips) 
Seat 4: pipinoelbreve9 (€11.02 in chips) 
Seat 5: pobrekenny (€10.13 in chips) 
Seat 6: 4pokereasy (€10.10 in chips) 
el+fishdto2s: posts small blind €0.05
LuisCesarQB: posts big blind €0.10
*** HOLE CARDS ***
Dealt to pipinoelbreve9 [3d 9d]
pipinoelbreve9: folds 
pobrekenny: raises €0.15 to €0.25
4pokereasy: folds 
Angelfs7: folds 
el+fishdto2s: folds 
LuisCesarQB: calls €0.15
*** FLOP *** [6h 5h 9h]
LuisCesarQB: checks 
pobrekenny: checks 
*** TURN *** [6h 5h 9h] [As]
LuisCesarQB: checks 
pobrekenny: bets €0.39
LuisCesarQB: folds 
Uncalled bet (€0.39) returned to pobrekenny
pobrekenny collected €0.52 from pot
pobrekenny: doesn't show hand 
*** SUMMARY ***
Total pot €0.55 | Rake €0.03 
Board [6h 5h 9h As]
Seat 1: Angelfs7 (button) folded before Flop (didn't bet)
Seat 2: el+fishdto2s (small blind) folded before Flop
Seat 3: LuisCesarQB (big blind) folded on the Turn
Seat 4: pipinoelbreve9 folded before Flop (didn't bet)
Seat 5: pobrekenny collected (€0.52)
Seat 6: 4pokereasy folded before Flop (didn't bet)



PokerStars Zoom Hand #257937401871:  Hold'em No Limit (€0.05/€0.10) - 2025/09/29 21:43:13 CET [2025/09/29 15:43:13 ET]
Table 'Caph' 6-max Seat #1 is the button
Seat 1: SuperPiña2 (€49.33 in chips) 
Seat 2: Svga420 (€8.42 in chips) 
Seat 3: 4pokereasy (€10.10 in chips) 
Seat 4: willywon221 (€9.38 in chips) 
Seat 5: pipinoelbreve9 (€11.02 in chips) 
Seat 6: JLL1929 (€24.37 in chips) 
Svga420: posts small blind €0.05
4pokereasy: posts big blind €0.10
*** HOLE CARDS ***
Dealt to pipinoelbreve9 [4h 6s]
willywon221: folds 
pipinoelbreve9: folds 
JLL1929: folds 
SuperPiña2: raises €0.10 to €0.20
Svga420: folds 
4pokereasy: calls €0.10
*** FLOP *** [Ad Td Ac]
4pokereasy: checks 
SuperPiña2: checks 
*** TURN *** [Ad Td Ac] [2d]
4pokereasy: checks 
SuperPiña2: bets €0.32
4pokereasy: folds 
Uncalled bet (€0.32) returned to SuperPiña2
SuperPiña2 collected €0.43 from pot
SuperPiña2: doesn't show hand 
*** SUMMARY ***
Total pot €0.45 | Rake €0.02 
Board [Ad Td Ac 2d]
Seat 1: SuperPiña2 (button) collected (€0.43)
Seat 2: Svga420 (small blind) folded before Flop
Seat 3: 4pokereasy (big blind) folded on the Turn
Seat 4: willywon221 folded before Flop (didn't bet)
Seat 5: pipinoelbreve9 folded before Flop (didn't bet)
Seat 6: JLL1929 folded before Flop (didn't bet)



PokerStars Zoom Hand #257937400905:  Hold'em No Limit (€0.05/€0.10) - 2025/09/29 21:43:10 CET [2025/09/29 15:43:10 ET]
Table 'Caph' 6-max Seat #1 is the button
Seat 1: LuisGR90 (€10 in chips) 
Seat 2: almogaverr (€5.31 in chips) 
Seat 3: WaNtEd_o0 (€5.25 in chips) 
Seat 4: pipinoelbreve9 (€11.02 in chips) 
Seat 5: EuLTioBraco (€21.72 in chips) 
Seat 6: willywon221 (€9.38 in chips) 
almogaverr: posts small blind €0.05
WaNtEd_o0: posts big blind €0.10
*** HOLE CARDS ***
Dealt to pipinoelbreve9 [Qh 3c]
pipinoelbreve9: folds 
EuLTioBraco: folds 
willywon221: folds 
LuisGR90: raises €0.15 to €0.25
almogaverr: calls €0.20
WaNtEd_o0: folds 
*** FLOP *** [Qs 2h 7s]
almogaverr: checks 
LuisGR90: bets €0.18
almogaverr: calls €0.18
*** TURN *** [Qs 2h 7s] [9d]
almogaverr: checks 
LuisGR90: bets €0.68
almogaverr: calls €0.68
*** RIVER *** [Qs 2h 7s 9d] [3h]
almogaverr: checks 
LuisGR90: checks 
*** SHOW DOWN ***
almogaverr: shows [Qd 8d] (a pair of Queens)
LuisGR90: mucks hand 
almogaverr collected €2.20 from pot
*** SUMMARY ***
Total pot €2.32 | Rake €0.12 
Board [Qs 2h 7s 9d 3h]
Seat 1: LuisGR90 (button) mucked [9h Ac]
Seat 2: almogaverr (small blind) showed [Qd 8d] and won (€2.20) with a pair of Queens
Seat 3: WaNtEd_o0 (big blind) folded before Flop
Seat 4: pipinoelbreve9 folded before Flop (didn't bet)
Seat 5: EuLTioBraco folded before Flop (didn't bet)
Seat 6: willywon221 folded before Flop (didn't bet)



PokerStars Zoom Hand #257937411052:  Hold'em No Limit (€0.05/€0.10) - 2025/09/29 21:43:45 CET [2025/09/29 15:43:45 ET]
Table 'Caph' 6-max Seat #1 is the button
Seat 1: torp35 (€5.10 in chips) 
Seat 2: ehbraga (€2.07 in chips) 
Seat 3: lagasalahaga (€18.30 in chips) 
Seat 4: Angelfs7 (€10 in chips) 
Seat 5: pipinoelbreve9 (€10.87 in chips) 
Seat 6: jbf12345678 (€10.15 in chips) 
ehbraga: posts small blind €0.05
lagasalahaga: posts big blind €0.10
*** HOLE CARDS ***
Dealt to pipinoelbreve9 [3d Jd]
Angelfs7: folds 
pipinoelbreve9: folds 
jbf12345678: folds 
torp35: folds 
ehbraga: folds 
Uncalled bet (€0.05) returned to lagasalahaga
lagasalahaga collected €0.10 from pot
lagasalahaga: doesn't show hand 
*** SUMMARY ***
Total pot €0.10 | Rake €0 
Seat 1: torp35 (button) folded before Flop (didn't bet)
Seat 2: ehbraga (small blind) folded before Flop
Seat 3: lagasalahaga (big blind) collected (€0.10)
Seat 4: Angelfs7 folded before Flop (didn't bet)
Seat 5: pipinoelbreve9 folded before Flop (didn't bet)
Seat 6: jbf12345678 folded before Flop (didn't bet)



PokerStars Zoom Hand #257937410083:  Hold'em No Limit (€0.05/€0.10) - 2025/09/29 21:43:41 CET [2025/09/29 15:43:41 ET]
Table 'Caph' 6-max Seat #1 is the button
Seat 1: Occhioni94 (€9 in chips) 
Seat 2: mojoraising27 (€10.87 in chips) 
Seat 3: pikamanu (€9.06 in chips) 
Seat 4: panddore (€7.55 in chips) 
Seat 5: psyfreak 3~ (€18.48 in chips) 
Seat 6: pipinoelbreve9 (€10.87 in chips) 
mojoraising27: posts small blind €0.05
pikamanu: posts big blind €0.10
*** HOLE CARDS ***
Dealt to pipinoelbreve9 [6h 3h]
panddore: folds 
psyfreak 3~: folds 
pipinoelbreve9: folds 
Occhioni94: folds 
mojoraising27: folds 
Uncalled bet (€0.05) returned to pikamanu
pikamanu collected €0.10 from pot
pikamanu: doesn't show hand 
*** SUMMARY ***
Total pot €0.10 | Rake €0 
Seat 1: Occhioni94 (button) folded before Flop (didn't bet)
Seat 2: mojoraising27 (small blind) folded before Flop
Seat 3: pikamanu (big blind) collected (€0.10)
Seat 4: panddore folded before Flop (didn't bet)
Seat 5: psyfreak 3~ folded before Flop (didn't bet)
Seat 6: pipinoelbreve9 folded before Flop (didn't bet)



PokerStars Zoom Hand #257937411955:  Hold'em No Limit (€0.05/€0.10) - 2025/09/29 21:43:48 CET [2025/09/29 15:43:48 ET]
Table 'Caph' 6-max Seat #1 is the button
Seat 1: el+fishdto2s (€5.34 in chips) 
Seat 2: richdog2560 (€11.40 in chips) 
Seat 3: pipinoelbreve9 (€10.87 in chips) 
Seat 4: jbf12345678 (€10.15 in chips) 
Seat 5: LuisGR90 (€10 in chips) 
Seat 6: pobrekenny (€10.40 in chips) 
richdog2560: posts small blind €0.05
pipinoelbreve9: posts big blind €0.10
*** HOLE CARDS ***
Dealt to pipinoelbreve9 [7c 5s]
jbf12345678: folds 
LuisGR90: folds 
pobrekenny: folds 
el+fishdto2s: raises €0.15 to €0.25
richdog2560: folds 
pipinoelbreve9: folds 
Uncalled bet (€0.15) returned to el+fishdto2s
el+fishdto2s collected €0.25 from pot
el+fishdto2s: doesn't show hand 
*** SUMMARY ***
Total pot €0.25 | Rake €0 
Seat 1: el+fishdto2s (button) collected (€0.25)
Seat 2: richdog2560 (small blind) folded before Flop
Seat 3: pipinoelbreve9 (big blind) folded before Flop
Seat 4: jbf12345678 folded before Flop (didn't bet)
Seat 5: LuisGR90 folded before Flop (didn't bet)
Seat 6: pobrekenny folded before Flop (didn't bet)



PokerStars Zoom Hand #257937414237:  Hold'em No Limit (€0.05/€0.10) - 2025/09/29 21:43:56 CET [2025/09/29 15:43:56 ET]
Table 'Caph' 6-max Seat #1 is the button
Seat 1: ehbraga (€2.02 in chips) 
Seat 2: 4pokereasy (€9.90 in chips) 
Seat 3: Occhioni94 (€9 in chips) 
Seat 4: Pabley27 (€10 in chips) 
Seat 5: LuisCesarQB (€10 in chips) 
Seat 6: pipinoelbreve9 (€10.77 in chips) 
4pokereasy: posts small blind €0.05
Occhioni94: posts big blind €0.10
*** HOLE CARDS ***
Dealt to pipinoelbreve9 [Qh 6h]
Pabley27: folds 
LuisCesarQB: folds 
pipinoelbreve9: folds 
ehbraga: folds 
4pokereasy: folds 
Uncalled bet (€0.05) returned to Occhioni94
Occhioni94 collected €0.10 from pot
Occhioni94: doesn't show hand 
*** SUMMARY ***
Total pot €0.10 | Rake €0 
Seat 1: ehbraga (button) folded before Flop (didn't bet)
Seat 2: 4pokereasy (small blind) folded before Flop
Seat 3: Occhioni94 (big blind) collected (€0.10)
Seat 4: Pabley27 folded before Flop (didn't bet)
Seat 5: LuisCesarQB folded before Flop (didn't bet)
Seat 6: pipinoelbreve9 folded before Flop (didn't bet)



PokerStars Zoom Hand #257937407291:  Hold'em No Limit (€0.05/€0.10) - 2025/09/29 21:43:32 CET [2025/09/29 15:43:32 ET]
Table 'Caph' 6-max Seat #1 is the button
Seat 1: wouziwouza (€27.95 in chips) 
Seat 2: pipinoelbreve9 (€10.92 in chips) 
Seat 3: jbtosoni (€4.91 in chips) 
Seat 4: JLL1929 (€24.27 in chips) 
Seat 5: hus ck522 (€14.12 in chips) 
Seat 6: LuisCesarQB (€10 in chips) 
pipinoelbreve9: posts small blind €0.05
jbtosoni: posts big blind €0.10
*** HOLE CARDS ***
Dealt to pipinoelbreve9 [4c 8d]
JLL1929: folds 
hus ck522: folds 
LuisCesarQB: folds 
wouziwouza: raises €0.15 to €0.25
pipinoelbreve9: folds 
jbtosoni: calls €0.15
*** FLOP *** [Td Jd Ad]
jbtosoni: checks 
wouziwouza: checks 
*** TURN *** [Td Jd Ad] [2d]
jbtosoni: checks 
wouziwouza: bets €0.10
jbtosoni: calls €0.10
*** RIVER *** [Td Jd Ad 2d] [6c]
jbtosoni: checks 
wouziwouza: bets €0.47
jbtosoni: folds 
Uncalled bet (€0.47) returned to wouziwouza
wouziwouza collected €0.71 from pot
wouziwouza: doesn't show hand 
*** SUMMARY ***
Total pot €0.75 | Rake €0.04 
Board [Td Jd Ad 2d 6c]
Seat 1: wouziwouza (button) collected (€0.71)
Seat 2: pipinoelbreve9 (small blind) folded before Flop
Seat 3: jbtosoni (big blind) folded on the River
Seat 4: JLL1929 folded before Flop (didn't bet)
Seat 5: hus ck522 folded before Flop (didn't bet)
Seat 6: LuisCesarQB folded before Flop (didn't bet)



PokerStars Zoom Hand #257937418007:  Hold'em No Limit (€0.05/€0.10) - 2025/09/29 21:44:09 CET [2025/09/29 15:44:09 ET]
Table 'Caph' 6-max Seat #1 is the button
Seat 1: Nikl2019 (€5.55 in chips) 
Seat 2: pipinoelbreve9 (€10.77 in chips) 
Seat 3: pobrekenny (€10.35 in chips) 
Seat 4: IRIS7577 (€13.23 in chips) 
Seat 5: LuisCesarQB (€15.24 in chips) 
Seat 6: mojoraising27 (€10.82 in chips) 
pipinoelbreve9: posts small blind €0.05
pobrekenny: posts big blind €0.10
*** HOLE CARDS ***
Dealt to pipinoelbreve9 [Tc 6h]
IRIS7577: folds 
LuisCesarQB: folds 
mojoraising27: folds 
Nikl2019: folds 
pipinoelbreve9: folds 
Uncalled bet (€0.05) returned to pobrekenny
pobrekenny collected €0.10 from pot
pobrekenny: doesn't show hand 
*** SUMMARY ***
Total pot €0.10 | Rake €0 
Seat 1: Nikl2019 (button) folded before Flop (didn't bet)
Seat 2: pipinoelbreve9 (small blind) folded before Flop
Seat 3: pobrekenny (big blind) collected (€0.10)
Seat 4: IRIS7577 folded before Flop (didn't bet)
Seat 5: LuisCesarQB folded before Flop (didn't bet)
Seat 6: mojoraising27 folded before Flop (didn't bet)



PokerStars Zoom Hand #257937416752:  Hold'em No Limit (€0.05/€0.10) - 2025/09/29 21:44:04 CET [2025/09/29 15:44:04 ET]
Table 'Caph' 6-max Seat #1 is the button
Seat 1: willywon221 (€9.68 in chips) 
Seat 2: IRIS7577 (€13.28 in chips) 
Seat 3: joanpinyas (€10 in chips) 
Seat 4: pipinoelbreve9 (€10.77 in chips) 
Seat 5: ehbraga (€2.02 in chips) 
Seat 6: pobrekenny (€10.35 in chips) 
IRIS7577: posts small blind €0.05
joanpinyas: posts big blind €0.10
*** HOLE CARDS ***
Dealt to pipinoelbreve9 [As 5h]
pipinoelbreve9: folds 
ehbraga: raises €0.25 to €0.35
pobrekenny: folds 
willywon221: calls €0.35
IRIS7577: folds 
joanpinyas: folds 
*** FLOP *** [3s Kh Th]
ehbraga: bets €1.67 and is all-in
willywon221: calls €1.67
*** TURN *** [3s Kh Th] [6c]
*** RIVER *** [3s Kh Th 6c] [4s]
*** SHOW DOWN ***
ehbraga: shows [Jh Jc] (a pair of Jacks)
willywon221: shows [Ks Qh] (a pair of Kings)
willywon221 collected €3.98 from pot
*** SUMMARY ***
Total pot €4.19 | Rake €0.21 
Board [3s Kh Th 6c 4s]
Seat 1: willywon221 (button) showed [Ks Qh] and won (€3.98) with a pair of Kings
Seat 2: IRIS7577 (small blind) folded before Flop
Seat 3: joanpinyas (big blind) folded before Flop
Seat 4: pipinoelbreve9 folded before Flop (didn't bet)
Seat 5: ehbraga showed [Jh Jc] and lost with a pair of Jacks
Seat 6: pobrekenny folded before Flop (didn't bet)



PokerStars Zoom Hand #257937419460:  Hold'em No Limit (€0.05/€0.10) - 2025/09/29 21:44:14 CET [2025/09/29 15:44:14 ET]
Table 'Caph' 6-max Seat #1 is the button
Seat 1: pipinoelbreve9 (€10.72 in chips) 
Seat 2: TURRKKISH (€10.89 in chips) 
Seat 3: IRIS7577 (€13.23 in chips) 
Seat 4: jbtosoni (€4.51 in chips) 
Seat 5: demomentopas (€14.53 in chips) 
Seat 6: lagasalahaga (€10.31 in chips) 
TURRKKISH: posts small blind €0.05
IRIS7577: posts big blind €0.10
*** HOLE CARDS ***
Dealt to pipinoelbreve9 [Tc 6c]
jbtosoni: folds 
demomentopas: folds 
lagasalahaga: folds 
pipinoelbreve9: raises €0.20 to €0.30
TURRKKISH: folds 
IRIS7577: folds 
Uncalled bet (€0.20) returned to pipinoelbreve9
pipinoelbreve9 collected €0.25 from pot
pipinoelbreve9: doesn't show hand 
*** SUMMARY ***
Total pot €0.25 | Rake €0 
Seat 1: pipinoelbreve9 (button) collected (€0.25)
Seat 2: TURRKKISH (small blind) folded before Flop
Seat 3: IRIS7577 (big blind) folded before Flop
Seat 4: jbtosoni folded before Flop (didn't bet)
Seat 5: demomentopas folded before Flop (didn't bet)
Seat 6: lagasalahaga folded before Flop (didn't bet)



PokerStars Zoom Hand #257937428080:  Hold'em No Limit (€0.05/€0.10) - 2025/09/29 21:44:44 CET [2025/09/29 15:44:44 ET]
Table 'Caph' 6-max Seat #1 is the button
Seat 1: lagasalahaga (€18.30 in chips) 
Seat 2: jbf12345678 (€10.83 in chips) 
Seat 3: EViiizWasteD (€14.78 in chips) 
Seat 4: pipinoelbreve9 (€10.87 in chips) 
Seat 5: Rel@x98 (€14.45 in chips) 
Seat 6: EuLTioBraco (€21.58 in chips) 
jbf12345678: posts small blind €0.05
EViiizWasteD: posts big blind €0.10
*** HOLE CARDS ***
Dealt to pipinoelbreve9 [6s Qc]
pipinoelbreve9: folds 
Rel@x98: folds 
EuLTioBraco: raises €0.16 to €0.26
lagasalahaga: folds 
jbf12345678: folds 
EViiizWasteD: folds 
Uncalled bet (€0.16) returned to EuLTioBraco
EuLTioBraco collected €0.25 from pot
EuLTioBraco: doesn't show hand 
*** SUMMARY ***
Total pot €0.25 | Rake €0 
Seat 1: lagasalahaga (button) folded before Flop (didn't bet)
Seat 2: jbf12345678 (small blind) folded before Flop
Seat 3: EViiizWasteD (big blind) folded before Flop
Seat 4: pipinoelbreve9 folded before Flop (didn't bet)
Seat 5: Rel@x98 folded before Flop (didn't bet)
Seat 6: EuLTioBraco collected (€0.25)



PokerStars Zoom Hand #257937430554:  Hold'em No Limit (€0.05/€0.10) - 2025/09/29 21:44:52 CET [2025/09/29 15:44:52 ET]
Table 'Caph' 6-max Seat #1 is the button
Seat 1: lagasalahaga (€10.46 in chips) 
Seat 2: LuisCesarQB (€10 in chips) 
Seat 3: pipinoelbreve9 (€10.87 in chips) 
Seat 4: jbf12345678 (€10.78 in chips) 
Seat 5: Nikl2019 (€5.20 in chips) 
Seat 6: anddriu (€17.20 in chips) 
LuisCesarQB: posts small blind €0.05
pipinoelbreve9: posts big blind €0.10
*** HOLE CARDS ***
Dealt to pipinoelbreve9 [Ts 8c]
jbf12345678: folds 
Nikl2019: folds 
anddriu: folds 
lagasalahaga: folds 
LuisCesarQB: raises €0.15 to €0.25
pipinoelbreve9: folds 
Uncalled bet (€0.15) returned to LuisCesarQB
LuisCesarQB collected €0.20 from pot
LuisCesarQB: doesn't show hand 
*** SUMMARY ***
Total pot €0.20 | Rake €0 
Seat 1: lagasalahaga (button) folded before Flop (didn't bet)
Seat 2: LuisCesarQB (small blind) collected (€0.20)
Seat 3: pipinoelbreve9 (big blind) folded before Flop
Seat 4: jbf12345678 folded before Flop (didn't bet)
Seat 5: Nikl2019 folded before Flop (didn't bet)
Seat 6: anddriu folded before Flop (didn't bet)



PokerStars Zoom Hand #257937429399:  Hold'em No Limit (€0.05/€0.10) - 2025/09/29 21:44:49 CET [2025/09/29 15:44:49 ET]
Table 'Caph' 6-max Seat #1 is the button
Seat 1: richdog2560 (€14.45 in chips) 
Seat 2: willywon221 (€11.59 in chips) 
Seat 3: pobrekenny (€10.35 in chips) 
Seat 4: ivanbody (€10.14 in chips) 
Seat 5: pipinoelbreve9 (€10.87 in chips) 
Seat 6: jbtosoni (€4.83 in chips) 
willywon221: posts small blind €0.05
pobrekenny: posts big blind €0.10
*** HOLE CARDS ***
Dealt to pipinoelbreve9 [8c 2s]
ivanbody: raises €0.20 to €0.30
pipinoelbreve9: folds 
jbtosoni: folds 
richdog2560: folds 
willywon221: folds 
pobrekenny: folds 
Uncalled bet (€0.20) returned to ivanbody
ivanbody collected €0.25 from pot
ivanbody: doesn't show hand 
*** SUMMARY ***
Total pot €0.25 | Rake €0 
Seat 1: richdog2560 (button) folded before Flop (didn't bet)
Seat 2: willywon221 (small blind) folded before Flop
Seat 3: pobrekenny (big blind) folded before Flop
Seat 4: ivanbody collected (€0.25)
Seat 5: pipinoelbreve9 folded before Flop (didn't bet)
Seat 6: jbtosoni folded before Flop (didn't bet)



PokerStars Zoom Hand #257937438044:  Hold'em No Limit (€0.05/€0.10) - 2025/09/29 21:45:19 CET [2025/09/29 15:45:19 ET]
Table 'Caph' 6-max Seat #1 is the button
Seat 1: pipinoelbreve9 (€10.72 in chips) 
Seat 2: EViiizWasteD (€10.58 in chips) 
Seat 3: jbf12345678 (€10 in chips) 
Seat 4: el+fishdto2s (€7.39 in chips) 
Seat 5: Occhioni94 (€9.10 in chips) 
Seat 6: Bella45000 (€10.40 in chips) 
EViiizWasteD: posts small blind €0.05
jbf12345678: posts big blind €0.10
*** HOLE CARDS ***
Dealt to pipinoelbreve9 [7d Ts]
el+fishdto2s: raises €0.15 to €0.25
Occhioni94: folds 
Bella45000: folds 
pipinoelbreve9: folds 
EViiizWasteD: folds 
jbf12345678: folds 
Uncalled bet (€0.15) returned to el+fishdto2s
el+fishdto2s collected €0.25 from pot
el+fishdto2s: doesn't show hand 
*** SUMMARY ***
Total pot €0.25 | Rake €0 
Seat 1: pipinoelbreve9 (button) folded before Flop (didn't bet)
Seat 2: EViiizWasteD (small blind) folded before Flop
Seat 3: jbf12345678 (big blind) folded before Flop
Seat 4: el+fishdto2s collected (€0.25)
Seat 5: Occhioni94 folded before Flop (didn't bet)
Seat 6: Bella45000 folded before Flop (didn't bet)



PokerStars Zoom Hand #257937443828:  Hold'em No Limit (€0.05/€0.10) - 2025/09/29 21:45:38 CET [2025/09/29 15:45:38 ET]
Table 'Caph' 6-max Seat #1 is the button
Seat 1: yeyegb11 (€19.77 in chips) 
Seat 2: almogaverr (€4.35 in chips) 
Seat 3: Bella45000 (€10.40 in chips) 
Seat 4: jbf12345678 (€10 in chips) 
Seat 5: pipinoelbreve9 (€10.72 in chips) 
Seat 6: ziz_fenomeno (€19.45 in chips) 
almogaverr: posts small blind €0.05
Bella45000: posts big blind €0.10
*** HOLE CARDS ***
Dealt to pipinoelbreve9 [6d Kd]
jbf12345678: folds 
pipinoelbreve9: folds 
ziz_fenomeno: folds 
yeyegb11: folds 
almogaverr: folds 
Uncalled bet (€0.05) returned to Bella45000
Bella45000 collected €0.10 from pot
Bella45000: doesn't show hand 
*** SUMMARY ***
Total pot €0.10 | Rake €0 
Seat 1: yeyegb11 (button) folded before Flop (didn't bet)
Seat 2: almogaverr (small blind) folded before Flop
Seat 3: Bella45000 (big blind) collected (€0.10)
Seat 4: jbf12345678 folded before Flop (didn't bet)
Seat 5: pipinoelbreve9 folded before Flop (didn't bet)
Seat 6: ziz_fenomeno folded before Flop (didn't bet)



PokerStars Zoom Hand #257937438875:  Hold'em No Limit (€0.05/€0.10) - 2025/09/29 21:45:21 CET [2025/09/29 15:45:21 ET]
Table 'Caph' 6-max Seat #1 is the button
Seat 1: jose1986fcb (€11.24 in chips) 
Seat 2: LuisXIV_23 (€3.59 in chips) 
Seat 3: lagasalahaga (€18.71 in chips) 
Seat 4: EuLTioBraco (€21.73 in chips) 
Seat 5: panddore (€6.92 in chips) 
Seat 6: pipinoelbreve9 (€10.72 in chips) 
LuisXIV_23: posts small blind €0.05
lagasalahaga: posts big blind €0.10
*** HOLE CARDS ***
Dealt to pipinoelbreve9 [8d Ad]
EuLTioBraco: raises €0.16 to €0.26
panddore: folds 
pipinoelbreve9: folds 
jose1986fcb: folds 
LuisXIV_23: calls €0.21
lagasalahaga: folds 
*** FLOP *** [Jd Kc 3c]
LuisXIV_23: checks 
EuLTioBraco: bets €0.19
LuisXIV_23: calls €0.19
*** TURN *** [Jd Kc 3c] [Jc]
LuisXIV_23: checks 
EuLTioBraco: checks 
*** RIVER *** [Jd Kc 3c Jc] [5d]
LuisXIV_23: bets €0.48
EuLTioBraco: calls €0.48
*** SHOW DOWN ***
LuisXIV_23: shows [9c 7c] (a flush, King high)
EuLTioBraco: mucks hand 
LuisXIV_23 collected €1.86 from pot
*** SUMMARY ***
Total pot €1.96 | Rake €0.10 
Board [Jd Kc 3c Jc 5d]
Seat 1: jose1986fcb (button) folded before Flop (didn't bet)
Seat 2: LuisXIV_23 (small blind) showed [9c 7c] and won (€1.86) with a flush, King high
Seat 3: lagasalahaga (big blind) folded before Flop
Seat 4: EuLTioBraco mucked [Kh Qs]
Seat 5: panddore folded before Flop (didn't bet)
Seat 6: pipinoelbreve9 folded before Flop (didn't bet)



PokerStars Zoom Hand #257937445878:  Hold'em No Limit (€0.05/€0.10) - 2025/09/29 21:45:45 CET [2025/09/29 15:45:45 ET]
Table 'Caph' 6-max Seat #1 is the button
Seat 1: Bella45000 (€11.13 in chips) 
Seat 2: marry24 (€11.09 in chips) 
Seat 3: pipinoelbreve9 (€10.72 in chips) 
Seat 4: LuisCesarQB (€10 in chips) 
Seat 5: el+fishdto2s (€4.37 in chips) 
Seat 6: jbf12345678 (€10 in chips) 
marry24: posts small blind €0.05
pipinoelbreve9: posts big blind €0.10
*** HOLE CARDS ***
Dealt to pipinoelbreve9 [4c 2d]
LuisCesarQB: folds 
el+fishdto2s: folds 
jbf12345678: folds 
Bella45000: raises €0.20 to €0.30
marry24: folds 
pipinoelbreve9: folds 
Uncalled bet (€0.20) returned to Bella45000
Bella45000 collected €0.25 from pot
Bella45000: doesn't show hand 
*** SUMMARY ***
Total pot €0.25 | Rake €0 
Seat 1: Bella45000 (button) collected (€0.25)
Seat 2: marry24 (small blind) folded before Flop
Seat 3: pipinoelbreve9 (big blind) folded before Flop
Seat 4: LuisCesarQB folded before Flop (didn't bet)
Seat 5: el+fishdto2s folded before Flop (didn't bet)
Seat 6: jbf12345678 folded before Flop (didn't bet)



PokerStars Zoom Hand #257937450920:  Hold'em No Limit (€0.05/€0.10) - 2025/09/29 21:46:03 CET [2025/09/29 15:46:03 ET]
Table 'Caph' 6-max Seat #1 is the button
Seat 1: torp35 (€4.75 in chips) 
Seat 2: pipinoelbreve9 (€10.62 in chips) 
Seat 3: pobrekenny (€11.81 in chips) 
Seat 4: wouziwouza (€28.28 in chips) 
Seat 5: IRIS7577 (€11.55 in chips) 
Seat 6: EViiizWasteD (€13.27 in chips) 
pipinoelbreve9: posts small blind €0.05
pobrekenny: posts big blind €0.10
*** HOLE CARDS ***
Dealt to pipinoelbreve9 [3d As]
wouziwouza: folds 
IRIS7577: folds 
EViiizWasteD: raises €0.20 to €0.30
torp35: folds 
pipinoelbreve9: folds 
pobrekenny: folds 
Uncalled bet (€0.20) returned to EViiizWasteD
EViiizWasteD collected €0.25 from pot
EViiizWasteD: doesn't show hand 
*** SUMMARY ***
Total pot €0.25 | Rake €0 
Seat 1: torp35 (button) folded before Flop (didn't bet)
Seat 2: pipinoelbreve9 (small blind) folded before Flop
Seat 3: pobrekenny (big blind) folded before Flop
Seat 4: wouziwouza folded before Flop (didn't bet)
Seat 5: IRIS7577 folded before Flop (didn't bet)
Seat 6: EViiizWasteD collected (€0.25)



PokerStars Zoom Hand #257937435011:  Hold'em No Limit (€0.05/€0.10) - 2025/09/29 21:45:08 CET [2025/09/29 15:45:08 ET]
Table 'Caph' 6-max Seat #1 is the button
Seat 1: Bella45000 (€10.40 in chips) 
Seat 2: pipinoelbreve9 (€10.77 in chips) 
Seat 3: KuKraPok24 (€10 in chips) 
Seat 4: richdog2560 (€13.92 in chips) 
Seat 5: BrunoM.0110 (€4.54 in chips) 
Seat 6: Originalbora (€17.52 in chips) 
pipinoelbreve9: posts small blind €0.05
KuKraPok24: posts big blind €0.10
*** HOLE CARDS ***
Dealt to pipinoelbreve9 [As 2c]
richdog2560: folds 
BrunoM.0110: folds 
Originalbora: raises €0.10 to €0.20
Bella45000: folds 
pipinoelbreve9: folds 
KuKraPok24: calls €0.10
*** FLOP *** [7d Ts 9s]
KuKraPok24: checks 
Originalbora: bets €0.10
KuKraPok24: calls €0.10
*** TURN *** [7d Ts 9s] [Jc]
KuKraPok24: checks 
Originalbora: checks 
*** RIVER *** [7d Ts 9s Jc] [Qs]
KuKraPok24: bets €0.10
Originalbora: calls €0.10
*** SHOW DOWN ***
KuKraPok24: shows [8h 9c] (a straight, Eight to Queen)
Originalbora: mucks hand 
KuKraPok24 collected €0.81 from pot
*** SUMMARY ***
Total pot €0.85 | Rake €0.04 
Board [7d Ts 9s Jc Qs]
Seat 1: Bella45000 (button) folded before Flop (didn't bet)
Seat 2: pipinoelbreve9 (small blind) folded before Flop
Seat 3: KuKraPok24 (big blind) showed [8h 9c] and won (€0.81) with a straight, Eight to Queen
Seat 4: richdog2560 folded before Flop (didn't bet)
Seat 5: BrunoM.0110 folded before Flop (didn't bet)
Seat 6: Originalbora mucked [Js Qh]



PokerStars Zoom Hand #257937454709:  Hold'em No Limit (€0.05/€0.10) - 2025/09/29 21:46:16 CET [2025/09/29 15:46:16 ET]
Table 'Caph' 6-max Seat #1 is the button
Seat 1: pipinoelbreve9 (€10.57 in chips) 
Seat 2: LuisCesarQB (€10.15 in chips) 
Seat 3: Svga420 (€8.27 in chips) 
Seat 4: Rel@x98 (€14.25 in chips) 
Seat 5: Angelfs7 (€10.27 in chips) 
Seat 6: torp35 (€4.80 in chips) 
LuisCesarQB: posts small blind €0.05
Svga420: posts big blind €0.10
*** HOLE CARDS ***
Dealt to pipinoelbreve9 [8d 3c]
Rel@x98: raises €0.25 to €0.35
Angelfs7: folds 
torp35: folds 
pipinoelbreve9: folds 
LuisCesarQB: folds 
Svga420: folds 
Uncalled bet (€0.25) returned to Rel@x98
Rel@x98 collected €0.25 from pot
Rel@x98: doesn't show hand 
*** SUMMARY ***
Total pot €0.25 | Rake €0 
Seat 1: pipinoelbreve9 (button) folded before Flop (didn't bet)
Seat 2: LuisCesarQB (small blind) folded before Flop
Seat 3: Svga420 (big blind) folded before Flop
Seat 4: Rel@x98 collected (€0.25)
Seat 5: Angelfs7 folded before Flop (didn't bet)
Seat 6: torp35 folded before Flop (didn't bet)



PokerStars Zoom Hand #257937452370:  Hold'em No Limit (€0.05/€0.10) - 2025/09/29 21:46:08 CET [2025/09/29 15:46:08 ET]
Table 'Caph' 6-max Seat #1 is the button
Seat 1: Rel@x98 (€14.25 in chips) 
Seat 2: wouziwouza (€28.28 in chips) 
Seat 3: ivanbody (€10.14 in chips) 
Seat 4: pipinoelbreve9 (€10.57 in chips) 
Seat 5: dannygomes23 (€13.37 in chips) 
Seat 6: Svga420 (€8.27 in chips) 
wouziwouza: posts small blind €0.05
ivanbody: posts big blind €0.10
*** HOLE CARDS ***
Dealt to pipinoelbreve9 [3h Kc]
pipinoelbreve9: folds 
dannygomes23: raises €0.20 to €0.30
Svga420: folds 
Rel@x98: folds 
wouziwouza: folds 
ivanbody: folds 
Uncalled bet (€0.20) returned to dannygomes23
dannygomes23 collected €0.25 from pot
dannygomes23: doesn't show hand 
*** SUMMARY ***
Total pot €0.25 | Rake €0 
Seat 1: Rel@x98 (button) folded before Flop (didn't bet)
Seat 2: wouziwouza (small blind) folded before Flop
Seat 3: ivanbody (big blind) folded before Flop
Seat 4: pipinoelbreve9 folded before Flop (didn't bet)
Seat 5: dannygomes23 collected (€0.25)
Seat 6: Svga420 folded before Flop (didn't bet)



PokerStars Zoom Hand #257937453532:  Hold'em No Limit (€0.05/€0.10) - 2025/09/29 21:46:12 CET [2025/09/29 15:46:12 ET]
Table 'Caph' 6-max Seat #1 is the button
Seat 1: LuisGR90 (€10 in chips) 
Seat 2: shamara2015 (€8 in chips) 
Seat 3: Bella45000 (€10.40 in chips) 
Seat 4: jasonuhi (€11.53 in chips) 
Seat 5: loicman66 (€4.80 in chips) 
Seat 6: pipinoelbreve9 (€10.57 in chips) 
shamara2015: posts small blind €0.05
Bella45000: posts big blind €0.10
*** HOLE CARDS ***
Dealt to pipinoelbreve9 [8h Qc]
jasonuhi: folds 
loicman66: folds 
pipinoelbreve9: folds 
LuisGR90: folds 
shamara2015: folds 
Uncalled bet (€0.05) returned to Bella45000
Bella45000 collected €0.10 from pot
Bella45000: doesn't show hand 
*** SUMMARY ***
Total pot €0.10 | Rake €0 
Seat 1: LuisGR90 (button) folded before Flop (didn't bet)
Seat 2: shamara2015 (small blind) folded before Flop
Seat 3: Bella45000 (big blind) collected (€0.10)
Seat 4: jasonuhi folded before Flop (didn't bet)
Seat 5: loicman66 folded before Flop (didn't bet)
Seat 6: pipinoelbreve9 folded before Flop (didn't bet)



PokerStars Zoom Hand #257937456011:  Hold'em No Limit (€0.05/€0.10) - 2025/09/29 21:46:20 CET [2025/09/29 15:46:20 ET]
Table 'Caph' 6-max Seat #1 is the button
Seat 1: marry24 (€11.19 in chips) 
Seat 2: pipinoelbreve9 (€10.57 in chips) 
Seat 3: EViiizWasteD (€13.12 in chips) 
Seat 4: LuisCesarQB (€10 in chips) 
Seat 5: torp35 (€4.80 in chips) 
Seat 6: JLL1929 (€12.87 in chips) 
pipinoelbreve9: posts small blind €0.05
EViiizWasteD: posts big blind €0.10
*** HOLE CARDS ***
Dealt to pipinoelbreve9 [Ad 8d]
LuisCesarQB: folds 
torp35: folds 
JLL1929: raises €0.20 to €0.30
marry24: folds 
pipinoelbreve9: raises €0.70 to €1
EViiizWasteD: folds 
JLL1929: folds 
Uncalled bet (€0.70) returned to pipinoelbreve9
pipinoelbreve9 collected €0.70 from pot
pipinoelbreve9: doesn't show hand 
*** SUMMARY ***
Total pot €0.70 | Rake €0 
Seat 1: marry24 (button) folded before Flop (didn't bet)
Seat 2: pipinoelbreve9 (small blind) collected (€0.70)
Seat 3: EViiizWasteD (big blind) folded before Flop
Seat 4: LuisCesarQB folded before Flop (didn't bet)
Seat 5: torp35 folded before Flop (didn't bet)
Seat 6: JLL1929 folded before Flop



PokerStars Zoom Hand #257937449733:  Hold'em No Limit (€0.05/€0.10) - 2025/09/29 21:45:59 CET [2025/09/29 15:45:59 ET]
Table 'Caph' 6-max Seat #1 is the button
Seat 1: ivanbody (€10.14 in chips) 
Seat 2: el+fishdto2s (€4.37 in chips) 
Seat 3: edurneimpoker (€15.40 in chips) 
Seat 4: LuisGR90 (€10 in chips) 
Seat 5: richdog2560 (€13.82 in chips) 
Seat 6: pipinoelbreve9 (€10.62 in chips) 
el+fishdto2s: posts small blind €0.05
edurneimpoker: posts big blind €0.10
*** HOLE CARDS ***
Dealt to pipinoelbreve9 [Qd 6s]
LuisGR90: raises €0.20 to €0.30
richdog2560: folds 
pipinoelbreve9: folds 
ivanbody: folds 
el+fishdto2s: raises €0.68 to €0.98
edurneimpoker: folds 
LuisGR90: calls €0.68
*** FLOP *** [7h 9c Td]
el+fishdto2s: checks 
LuisGR90: bets €0.64
el+fishdto2s: folds 
Uncalled bet (€0.64) returned to LuisGR90
LuisGR90 collected €1.96 from pot
LuisGR90: doesn't show hand 
*** SUMMARY ***
Total pot €2.06 | Rake €0.10 
Board [7h 9c Td]
Seat 1: ivanbody (button) folded before Flop (didn't bet)
Seat 2: el+fishdto2s (small blind) folded on the Flop
Seat 3: edurneimpoker (big blind) folded before Flop
Seat 4: LuisGR90 collected (€1.96)
Seat 5: richdog2560 folded before Flop (didn't bet)
Seat 6: pipinoelbreve9 folded before Flop (didn't bet)



PokerStars Zoom Hand #257937441568:  Hold'em No Limit (€0.05/€0.10) - 2025/09/29 21:45:31 CET [2025/09/29 15:45:31 ET]
Table 'Caph' 6-max Seat #1 is the button
Seat 1: ZEscaleirAKA (€10.05 in chips) 
Seat 2: lagasalahaga (€10.36 in chips) 
Seat 3: ma6as (€11.90 in chips) 
Seat 4: ivanbody (€10.19 in chips) 
Seat 5: pipinoelbreve9 (€10.72 in chips) 
Seat 6: pobrekenny (€10.10 in chips) 
lagasalahaga: posts small blind €0.05
ma6as: posts big blind €0.10
*** HOLE CARDS ***
Dealt to pipinoelbreve9 [2c 9c]
ivanbody: folds 
pipinoelbreve9: folds 
pobrekenny: raises €0.15 to €0.25
ZEscaleirAKA: calls €0.25
lagasalahaga: folds 
ma6as: folds 
*** FLOP *** [7h 5h 9s]
pobrekenny: checks 
ZEscaleirAKA has timed out
ZEscaleirAKA: checks 
*** TURN *** [7h 5h 9s] [Js]
pobrekenny: checks 
ZEscaleirAKA: bets €0.31
pobrekenny: folds 
Uncalled bet (€0.31) returned to ZEscaleirAKA
ZEscaleirAKA collected €0.62 from pot
ZEscaleirAKA: doesn't show hand 
*** SUMMARY ***
Total pot €0.65 | Rake €0.03 
Board [7h 5h 9s Js]
Seat 1: ZEscaleirAKA (button) collected (€0.62)
Seat 2: lagasalahaga (small blind) folded before Flop
Seat 3: ma6as (big blind) folded before Flop
Seat 4: ivanbody folded before Flop (didn't bet)
Seat 5: pipinoelbreve9 folded before Flop (didn't bet)
Seat 6: pobrekenny folded on the Turn



PokerStars Zoom Hand #257937465903:  Hold'em No Limit (€0.05/€0.10) - 2025/09/29 21:46:55 CET [2025/09/29 15:46:55 ET]
Table 'Caph' 6-max Seat #1 is the button
Seat 1: M0rdeKais3r (€30.87 in chips) 
Seat 2: charllisto (€10.45 in chips) 
Seat 3: Originalbora (€10 in chips) 
Seat 4: SANAZ61 (€8.92 in chips) 
Seat 5: pipinoelbreve9 (€10.87 in chips) 
Seat 6: jose1986fcb (€10.94 in chips) 
charllisto: posts small blind €0.05
Originalbora: posts big blind €0.10
*** HOLE CARDS ***
Dealt to pipinoelbreve9 [6s 8d]
SANAZ61: folds 
pipinoelbreve9: folds 
jose1986fcb: folds 
M0rdeKais3r: folds 
charllisto: folds 
Uncalled bet (€0.05) returned to Originalbora
Originalbora collected €0.10 from pot
Originalbora: doesn't show hand 
*** SUMMARY ***
Total pot €0.10 | Rake €0 
Seat 1: M0rdeKais3r (button) folded before Flop (didn't bet)
Seat 2: charllisto (small blind) folded before Flop
Seat 3: Originalbora (big blind) collected (€0.10)
Seat 4: SANAZ61 folded before Flop (didn't bet)
Seat 5: pipinoelbreve9 folded before Flop (didn't bet)
Seat 6: jose1986fcb folded before Flop (didn't bet)



PokerStars Zoom Hand #257937461070:  Hold'em No Limit (€0.05/€0.10) - 2025/09/29 21:46:38 CET [2025/09/29 15:46:38 ET]
Table 'Caph' 6-max Seat #1 is the button
Seat 1: charllisto (€9.85 in chips) 
Seat 2: jbtosoni (€5.66 in chips) 
Seat 3: pipinoelbreve9 (€10.97 in chips) 
Seat 4: willywon221 (€11.09 in chips) 
Seat 5: ehbraga (€5.35 in chips) 
Seat 6: panoramix06100 (€9.85 in chips) 
jbtosoni: posts small blind €0.05
pipinoelbreve9: posts big blind €0.10
*** HOLE CARDS ***
Dealt to pipinoelbreve9 [5c 7d]
willywon221: folds 
ehbraga: raises €0.25 to €0.35
panoramix06100: folds 
charllisto: calls €0.35
jbtosoni: calls €0.30
pipinoelbreve9: folds 
*** FLOP *** [Th Td 4d]
jbtosoni: checks 
ehbraga: bets €0.55
charllisto: calls €0.55
jbtosoni: folds 
*** TURN *** [Th Td 4d] [6h]
ehbraga: bets €1.07
charllisto: folds 
Uncalled bet (€1.07) returned to ehbraga
ehbraga collected €2.14 from pot
ehbraga: doesn't show hand 
*** SUMMARY ***
Total pot €2.25 | Rake €0.11 
Board [Th Td 4d 6h]
Seat 1: charllisto (button) folded on the Turn
Seat 2: jbtosoni (small blind) folded on the Flop
Seat 3: pipinoelbreve9 (big blind) folded before Flop
Seat 4: willywon221 folded before Flop (didn't bet)
Seat 5: ehbraga collected (€2.14)
Seat 6: panoramix06100 folded before Flop (didn't bet)



PokerStars Zoom Hand #257937469022:  Hold'em No Limit (€0.05/€0.10) - 2025/09/29 21:47:06 CET [2025/09/29 15:47:06 ET]
Table 'Caph' 6-max Seat #1 is the button
Seat 1: pomkuitfromhell (€10.27 in chips) 
Seat 2: Jogoku (€10 in chips) 
Seat 3: jbf12345678 (€10 in chips) 
Seat 4: TURRKKISH (€10.33 in chips) 
Seat 5: LuisGR90 (€10.93 in chips) 
Seat 6: pipinoelbreve9 (€10.87 in chips) 
Jogoku: posts small blind €0.05
jbf12345678: posts big blind €0.10
*** HOLE CARDS ***
Dealt to pipinoelbreve9 [5s 5c]
TURRKKISH: raises €0.10 to €0.20
LuisGR90: raises €0.60 to €0.80
pipinoelbreve9: folds 
pomkuitfromhell: folds 
Jogoku: folds 
jbf12345678: folds 
TURRKKISH: folds 
Uncalled bet (€0.60) returned to LuisGR90
LuisGR90 collected €0.55 from pot
LuisGR90: doesn't show hand 
*** SUMMARY ***
Total pot €0.55 | Rake €0 
Seat 1: pomkuitfromhell (button) folded before Flop (didn't bet)
Seat 2: Jogoku (small blind) folded before Flop
Seat 3: jbf12345678 (big blind) folded before Flop
Seat 4: TURRKKISH folded before Flop
Seat 5: LuisGR90 collected (€0.55)
Seat 6: pipinoelbreve9 folded before Flop (didn't bet)



PokerStars Zoom Hand #257937471930:  Hold'em No Limit (€0.05/€0.10) - 2025/09/29 21:47:16 CET [2025/09/29 15:47:16 ET]
Table 'Caph' 6-max Seat #1 is the button
Seat 1: pipinoelbreve9 (€10.87 in chips) 
Seat 2: TURRKKISH (€10.13 in chips) 
Seat 3: M0rdeKais3r (€30.97 in chips) 
Seat 4: pomkuitfromhell (€10.27 in chips) 
Seat 5: FllanosB (€10.92 in chips) 
Seat 6: Jogoku (€10.41 in chips) 
TURRKKISH: posts small blind €0.05
M0rdeKais3r: posts big blind €0.10
*** HOLE CARDS ***
Dealt to pipinoelbreve9 [6d Ad]
pomkuitfromhell: raises €0.15 to €0.25
FllanosB: folds 
Jogoku: folds 
pipinoelbreve9: folds 
TURRKKISH: folds 
M0rdeKais3r: folds 
Uncalled bet (€0.15) returned to pomkuitfromhell
pomkuitfromhell collected €0.25 from pot
pomkuitfromhell: doesn't show hand 
*** SUMMARY ***
Total pot €0.25 | Rake €0 
Seat 1: pipinoelbreve9 (button) folded before Flop (didn't bet)
Seat 2: TURRKKISH (small blind) folded before Flop
Seat 3: M0rdeKais3r (big blind) folded before Flop
Seat 4: pomkuitfromhell collected (€0.25)
Seat 5: FllanosB folded before Flop (didn't bet)
Seat 6: Jogoku folded before Flop (didn't bet)



PokerStars Zoom Hand #257937475449:  Hold'em No Limit (€0.05/€0.10) - 2025/09/29 21:47:28 CET [2025/09/29 15:47:28 ET]
Table 'Caph' 6-max Seat #1 is the button
Seat 1: richdog2560 (€13.58 in chips) 
Seat 2: torp35 (€4.35 in chips) 
Seat 3: ma6as (€10.84 in chips) 
Seat 4: pipinoelbreve9 (€10.87 in chips) 
Seat 5: SANAZ61 (€3.83 in chips) 
Seat 6: anddriu (€24.80 in chips) 
torp35: posts small blind €0.05
ma6as: posts big blind €0.10
*** HOLE CARDS ***
Dealt to pipinoelbreve9 [6c Jh]
pipinoelbreve9: folds 
SANAZ61: folds 
anddriu: folds 
richdog2560: folds 
torp35: folds 
Uncalled bet (€0.05) returned to ma6as
ma6as collected €0.10 from pot
ma6as: doesn't show hand 
*** SUMMARY ***
Total pot €0.10 | Rake €0 
Seat 1: richdog2560 (button) folded before Flop (didn't bet)
Seat 2: torp35 (small blind) folded before Flop
Seat 3: ma6as (big blind) collected (€0.10)
Seat 4: pipinoelbreve9 folded before Flop (didn't bet)
Seat 5: SANAZ61 folded before Flop (didn't bet)
Seat 6: anddriu folded before Flop (didn't bet)



PokerStars Zoom Hand #257937466778:  Hold'em No Limit (€0.05/€0.10) - 2025/09/29 21:46:58 CET [2025/09/29 15:46:58 ET]
Table 'Caph' 6-max Seat #1 is the button
Seat 1: Pabley27 (€10 in chips) 
Seat 2: SANAZ61 (€8.92 in chips) 
Seat 3: 4pokereasy (€10.43 in chips) 
Seat 4: pipinoelbreve9 (€10.87 in chips) 
Seat 5: yeyegb11 (€19.42 in chips) 
Seat 6: LuisGR90 (€10.93 in chips) 
SANAZ61: posts small blind €0.05
4pokereasy: posts big blind €0.10
*** HOLE CARDS ***
Dealt to pipinoelbreve9 [Qc 4c]
pipinoelbreve9: folds 
yeyegb11: raises €0.20 to €0.30
LuisGR90: folds 
Pabley27: raises €0.60 to €0.90
SANAZ61: folds 
4pokereasy: folds 
yeyegb11: calls €0.60
*** FLOP *** [4h 5h 9c]
yeyegb11: bets €0.93
Pabley27: calls €0.93
*** TURN *** [4h 5h 9c] [Qd]
yeyegb11: bets €1.81
Pabley27: folds 
Uncalled bet (€1.81) returned to yeyegb11
yeyegb11 collected €3.62 from pot
yeyegb11: doesn't show hand 
*** SUMMARY ***
Total pot €3.81 | Rake €0.19 
Board [4h 5h 9c Qd]
Seat 1: Pabley27 (button) folded on the Turn
Seat 2: SANAZ61 (small blind) folded before Flop
Seat 3: 4pokereasy (big blind) folded before Flop
Seat 4: pipinoelbreve9 folded before Flop (didn't bet)
Seat 5: yeyegb11 collected (€3.62)
Seat 6: LuisGR90 folded before Flop (didn't bet)



PokerStars Zoom Hand #257937476833:  Hold'em No Limit (€0.05/€0.10) - 2025/09/29 21:47:33 CET [2025/09/29 15:47:33 ET]
Table 'Caph' 6-max Seat #1 is the button
Seat 1: KuKraPok24 (€10.71 in chips) 
Seat 2: tonymontilla (€7.61 in chips) 
Seat 3: pipinoelbreve9 (€10.87 in chips) 
Seat 4: richdog2560 (€13.58 in chips) 
Seat 5: pikamanu (€10.67 in chips) 
Seat 6: Angelfs7 (€10 in chips) 
tonymontilla: posts small blind €0.05
pipinoelbreve9: posts big blind €0.10
*** HOLE CARDS ***
Dealt to pipinoelbreve9 [Qc 6d]
richdog2560: folds 
pikamanu: folds 
Angelfs7: folds 
KuKraPok24: folds 
tonymontilla: folds 
Uncalled bet (€0.05) returned to pipinoelbreve9
pipinoelbreve9 collected €0.10 from pot
pipinoelbreve9: doesn't show hand 
*** SUMMARY ***
Total pot €0.10 | Rake €0 
Seat 1: KuKraPok24 (button) folded before Flop (didn't bet)
Seat 2: tonymontilla (small blind) folded before Flop
Seat 3: pipinoelbreve9 (big blind) collected (€0.10)
Seat 4: richdog2560 folded before Flop (didn't bet)
Seat 5: pikamanu folded before Flop (didn't bet)
Seat 6: Angelfs7 folded before Flop (didn't bet)



PokerStars Zoom Hand #257937480074:  Hold'em No Limit (€0.05/€0.10) - 2025/09/29 21:47:44 CET [2025/09/29 15:47:44 ET]
Table 'Caph' 6-max Seat #1 is the button
Seat 1: lagasalahaga (€25.82 in chips) 
Seat 2: edurneimpoker (€15.29 in chips) 
Seat 3: anar1312 (€7 in chips) 
Seat 4: pipinoelbreve9 (€10.92 in chips) 
Seat 5: joanpinyas (€10.52 in chips) 
Seat 6: TURRKKISH (€9.98 in chips) 
edurneimpoker: posts small blind €0.05
anar1312: posts big blind €0.10
*** HOLE CARDS ***
Dealt to pipinoelbreve9 [6d 5c]
pipinoelbreve9: folds 
joanpinyas: folds 
TURRKKISH: raises €0.55 to €0.65
lagasalahaga: folds 
edurneimpoker: folds 
anar1312: folds 
Uncalled bet (€0.55) returned to TURRKKISH
TURRKKISH collected €0.25 from pot
TURRKKISH: doesn't show hand 
*** SUMMARY ***
Total pot €0.25 | Rake €0 
Seat 1: lagasalahaga (button) folded before Flop (didn't bet)
Seat 2: edurneimpoker (small blind) folded before Flop
Seat 3: anar1312 (big blind) folded before Flop
Seat 4: pipinoelbreve9 folded before Flop (didn't bet)
Seat 5: joanpinyas folded before Flop (didn't bet)
Seat 6: TURRKKISH collected (€0.25)



PokerStars Zoom Hand #257937481224:  Hold'em No Limit (€0.05/€0.10) - 2025/09/29 21:47:48 CET [2025/09/29 15:47:48 ET]
Table 'Caph' 6-max Seat #1 is the button
Seat 1: joanpinyas (€10.52 in chips) 
Seat 2: pipinoelbreve9 (€10.92 in chips) 
Seat 3: ehbraga (€6.59 in chips) 
Seat 4: richdog2560 (€11.49 in chips) 
Seat 5: torp35 (€4.35 in chips) 
Seat 6: Angelfs7 (€10.53 in chips) 
pipinoelbreve9: posts small blind €0.05
ehbraga: posts big blind €0.10
*** HOLE CARDS ***
Dealt to pipinoelbreve9 [Qd Jd]
richdog2560: folds 
torp35: folds 
Angelfs7: raises €0.20 to €0.30
joanpinyas: folds 
pipinoelbreve9: raises €0.70 to €1
ehbraga: calls €0.90
Angelfs7: raises €1.80 to €2.80
pipinoelbreve9: folds 
ehbraga: folds 
Uncalled bet (€1.80) returned to Angelfs7
Angelfs7 collected €3 from pot
Angelfs7: doesn't show hand 
*** SUMMARY ***
Total pot €3 | Rake €0 
Seat 1: joanpinyas (button) folded before Flop (didn't bet)
Seat 2: pipinoelbreve9 (small blind) folded before Flop
Seat 3: ehbraga (big blind) folded before Flop
Seat 4: richdog2560 folded before Flop (didn't bet)
Seat 5: torp35 folded before Flop (didn't bet)
Seat 6: Angelfs7 collected (€3)



PokerStars Zoom Hand #257937503051:  Hold'em No Limit (€0.05/€0.10) - 2025/09/29 21:49:03 CET [2025/09/29 15:49:03 ET]
Table 'Caph' 6-max Seat #1 is the button
Seat 1: pipinoelbreve9 (€10 in chips) 
Seat 2: SANAZ61 (€9.39 in chips) 
Seat 3: pikamanu (€11.62 in chips) 
Seat 4: Jogoku (€10.60 in chips) 
Seat 5: Originalbora (€17.85 in chips) 
Seat 6: lagasalahaga (€24.62 in chips) 
SANAZ61: posts small blind €0.05
pikamanu: posts big blind €0.10
*** HOLE CARDS ***
Dealt to pipinoelbreve9 [Qd 2c]
Jogoku: folds 
Originalbora: raises €0.14 to €0.24
lagasalahaga: folds 
pipinoelbreve9: folds 
SANAZ61: folds 
pikamanu: folds 
Uncalled bet (€0.14) returned to Originalbora
Originalbora collected €0.25 from pot
Originalbora: doesn't show hand 
*** SUMMARY ***
Total pot €0.25 | Rake €0 
Seat 1: pipinoelbreve9 (button) folded before Flop (didn't bet)
Seat 2: SANAZ61 (small blind) folded before Flop
Seat 3: pikamanu (big blind) folded before Flop
Seat 4: Jogoku folded before Flop (didn't bet)
Seat 5: Originalbora collected (€0.25)
Seat 6: lagasalahaga folded before Flop (didn't bet)



PokerStars Zoom Hand #257937408703:  Hold'em No Limit (€0.05/€0.10) - 2025/09/29 21:43:37 CET [2025/09/29 15:43:37 ET]
Table 'Caph' 6-max Seat #1 is the button
Seat 1: pipinoelbreve9 (€10.87 in chips) 
Seat 2: hus ck522 (€14.12 in chips) 
Seat 3: LuisCesarQB (€10 in chips) 
Seat 4: Capitan Aab (€10.15 in chips) 
Seat 5: jbf12345678 (€10 in chips) 
Seat 6: jasonuhi (€10.30 in chips) 
hus ck522: posts small blind €0.05
LuisCesarQB: posts big blind €0.10
*** HOLE CARDS ***
Dealt to pipinoelbreve9 [5c 3h]
Capitan Aab: raises €0.15 to €0.25
jbf12345678: folds 
jasonuhi: calls €0.25
pipinoelbreve9: folds 
hus ck522: calls €0.20
LuisCesarQB: folds 
*** FLOP *** [6h 7d As]
hus ck522: checks 
Capitan Aab: bets €0.27
jasonuhi: folds 
hus ck522: calls €0.27
*** TURN *** [6h 7d As] [7s]
hus ck522: checks 
Capitan Aab: bets €0.10
hus ck522: calls €0.10
*** RIVER *** [6h 7d As 7s] [Qh]
hus ck522: checks 
Capitan Aab: bets €0.38
hus ck522: raises €2.27 to €2.65
Capitan Aab: raises €2.27 to €4.92
hus ck522 is disconnected 
hus ck522 has timed out while disconnected
hus ck522: folds 
Uncalled bet (€2.27) returned to Capitan Aab
Capitan Aab collected €6.55 from pot
Capitan Aab: doesn't show hand 
*** SUMMARY ***
Total pot €6.89 | Rake €0.34 
Board [6h 7d As 7s Qh]
Seat 1: pipinoelbreve9 (button) folded before Flop (didn't bet)
Seat 2: hus ck522 (small blind) folded on the River
Seat 3: LuisCesarQB (big blind) folded before Flop
Seat 4: Capitan Aab collected (€6.55)
Seat 5: jbf12345678 folded before Flop (didn't bet)
Seat 6: jasonuhi folded on the Flop



PokerStars Zoom Hand #257937505115:  Hold'em No Limit (€0.05/€0.10) - 2025/09/29 21:49:11 CET [2025/09/29 15:49:11 ET]
Table 'Caph' 6-max Seat #1 is the button
Seat 1: JLL1929 (€22.71 in chips) 
Seat 2: Angelfs7 (€12.53 in chips) 
Seat 3: Jogoku (€10.69 in chips) 
Seat 4: willywon221 (€10.74 in chips) 
Seat 5: pipinoelbreve9 (€10 in chips) 
Seat 6: pomkuitfromhell (€10.57 in chips) 
Angelfs7: posts small blind €0.05
Jogoku: posts big blind €0.10
*** HOLE CARDS ***
Dealt to pipinoelbreve9 [Js 2s]
willywon221: raises €0.20 to €0.30
pipinoelbreve9: folds 
pomkuitfromhell: folds 
JLL1929: folds 
Angelfs7: folds 
Jogoku: folds 
Uncalled bet (€0.20) returned to willywon221
willywon221 collected €0.25 from pot
willywon221: doesn't show hand 
*** SUMMARY ***
Total pot €0.25 | Rake €0 
Seat 1: JLL1929 (button) folded before Flop (didn't bet)
Seat 2: Angelfs7 (small blind) folded before Flop
Seat 3: Jogoku (big blind) folded before Flop
Seat 4: willywon221 collected (€0.25)
Seat 5: pipinoelbreve9 folded before Flop (didn't bet)
Seat 6: pomkuitfromhell folded before Flop (didn't bet)



PokerStars Zoom Hand #257937505936:  Hold'em No Limit (€0.05/€0.10) - 2025/09/29 21:49:14 CET [2025/09/29 15:49:14 ET]
Table 'Caph' 6-max Seat #1 is the button
Seat 1: jose1986fcb (€11.78 in chips) 
Seat 2: Originalbora (€10 in chips) 
Seat 3: JLL1929 (€22.71 in chips) 
Seat 4: pipinoelbreve9 (€10 in chips) 
Seat 5: ZEscaleirAKA (€10.84 in chips) 
Seat 6: SANAZ61 (€9.34 in chips) 
Originalbora: posts small blind €0.05
JLL1929: posts big blind €0.10
*** HOLE CARDS ***
Dealt to pipinoelbreve9 [3h 6d]
pipinoelbreve9: folds 
ZEscaleirAKA: folds 
SANAZ61: raises €0.20 to €0.30
jose1986fcb: folds 
Originalbora: folds 
JLL1929: folds 
Uncalled bet (€0.20) returned to SANAZ61
SANAZ61 collected €0.25 from pot
SANAZ61: doesn't show hand 
*** SUMMARY ***
Total pot €0.25 | Rake €0 
Seat 1: jose1986fcb (button) folded before Flop (didn't bet)
Seat 2: Originalbora (small blind) folded before Flop
Seat 3: JLL1929 (big blind) folded before Flop
Seat 4: pipinoelbreve9 folded before Flop (didn't bet)
Seat 5: ZEscaleirAKA folded before Flop (didn't bet)
Seat 6: SANAZ61 collected (€0.25)



PokerStars Zoom Hand #257937506785:  Hold'em No Limit (€0.05/€0.10) - 2025/09/29 21:49:16 CET [2025/09/29 15:49:16 ET]
Table 'Caph' 6-max Seat #1 is the button
Seat 1: clarisoAA (€7.66 in chips) 
Seat 2: LuisGR90 (€10.05 in chips) 
Seat 3: pipinoelbreve9 (€10 in chips) 
Seat 4: jasonuhi (€10.46 in chips) 
Seat 5: ehbraga (€5.54 in chips) 
Seat 6: SuperPiña2 (€47.76 in chips) 
LuisGR90: posts small blind €0.05
pipinoelbreve9: posts big blind €0.10
*** HOLE CARDS ***
Dealt to pipinoelbreve9 [9s As]
jasonuhi: folds 
ehbraga: folds 
SuperPiña2: folds 
clarisoAA: raises €0.10 to €0.20
LuisGR90: folds 
pipinoelbreve9: raises €0.80 to €1
clarisoAA: folds 
Uncalled bet (€0.80) returned to pipinoelbreve9
pipinoelbreve9 collected €0.45 from pot
pipinoelbreve9: doesn't show hand 
*** SUMMARY ***
Total pot €0.45 | Rake €0 
Seat 1: clarisoAA (button) folded before Flop
Seat 2: LuisGR90 (small blind) folded before Flop
Seat 3: pipinoelbreve9 (big blind) collected (€0.45)
Seat 4: jasonuhi folded before Flop (didn't bet)
Seat 5: ehbraga folded before Flop (didn't bet)
Seat 6: SuperPiña2 folded before Flop (didn't bet)



PokerStars Zoom Hand #257937504118:  Hold'em No Limit (€0.05/€0.10) - 2025/09/29 21:49:07 CET [2025/09/29 15:49:07 ET]
Table 'Caph' 6-max Seat #1 is the button
Seat 1: Pabley27 (€10.05 in chips) 
Seat 2: clarisoAA (€10.65 in chips) 
Seat 3: RamiRaise2211 (€20.51 in chips) 
Seat 4: Angelfs7 (€11.10 in chips) 
Seat 5: JLL1929 (€22.71 in chips) 
Seat 6: pipinoelbreve9 (€10 in chips) 
clarisoAA: posts small blind €0.05
RamiRaise2211: posts big blind €0.10
*** HOLE CARDS ***
Dealt to pipinoelbreve9 [9d Th]
Angelfs7: folds 
JLL1929: folds 
pipinoelbreve9: folds 
Pabley27: folds 
clarisoAA: raises €0.20 to €0.30
RamiRaise2211: calls €0.20
*** FLOP *** [Tc Qh 9s]
clarisoAA: checks 
RamiRaise2211: bets €0.30
clarisoAA: folds 
Uncalled bet (€0.30) returned to RamiRaise2211
RamiRaise2211 collected €0.57 from pot
RamiRaise2211: doesn't show hand 
*** SUMMARY ***
Total pot €0.60 | Rake €0.03 
Board [Tc Qh 9s]
Seat 1: Pabley27 (button) folded before Flop (didn't bet)
Seat 2: clarisoAA (small blind) folded on the Flop
Seat 3: RamiRaise2211 (big blind) collected (€0.57)
Seat 4: Angelfs7 folded before Flop (didn't bet)
Seat 5: JLL1929 folded before Flop (didn't bet)
Seat 6: pipinoelbreve9 folded before Flop (didn't bet)



PokerStars Zoom Hand #257937512376:  Hold'em No Limit (€0.05/€0.10) - 2025/09/29 21:49:36 CET [2025/09/29 15:49:36 ET]
Table 'Caph' 6-max Seat #1 is the button
Seat 1: LuisCesarQB (€10 in chips) 
Seat 2: EViiizWasteD (€11.11 in chips) 
Seat 3: pobrekenny (€11.13 in chips) 
Seat 4: lagasalahaga (€12.16 in chips) 
Seat 5: Angelfs7 (€10.85 in chips) 
Seat 6: pipinoelbreve9 (€10.25 in chips) 
EViiizWasteD: posts small blind €0.05
pobrekenny: posts big blind €0.10
*** HOLE CARDS ***
Dealt to pipinoelbreve9 [5c 2h]
lagasalahaga: folds 
Angelfs7: raises €0.20 to €0.30
pipinoelbreve9: folds 
LuisCesarQB: folds 
EViiizWasteD: folds 
pobrekenny: folds 
Uncalled bet (€0.20) returned to Angelfs7
Angelfs7 collected €0.25 from pot
Angelfs7: doesn't show hand 
*** SUMMARY ***
Total pot €0.25 | Rake €0 
Seat 1: LuisCesarQB (button) folded before Flop (didn't bet)
Seat 2: EViiizWasteD (small blind) folded before Flop
Seat 3: pobrekenny (big blind) folded before Flop
Seat 4: lagasalahaga folded before Flop (didn't bet)
Seat 5: Angelfs7 collected (€0.25)
Seat 6: pipinoelbreve9 folded before Flop (didn't bet)



PokerStars Zoom Hand #257937515083:  Hold'em No Limit (€0.05/€0.10) - 2025/09/29 21:49:46 CET [2025/09/29 15:49:46 ET]
Table 'Caph' 6-max Seat #1 is the button
Seat 1: pipinoelbreve9 (€10.20 in chips) 
Seat 2: EuLTioBraco (€12.55 in chips) 
Seat 3: panoramix06100 (€8.78 in chips) 
Seat 4: Pabley27 (€10 in chips) 
Seat 5: jasonuhi (€10.46 in chips) 
Seat 6: SANAZ61 (€5.04 in chips) 
EuLTioBraco: posts small blind €0.05
panoramix06100: posts big blind €0.10
*** HOLE CARDS ***
Dealt to pipinoelbreve9 [8d 7h]
Pabley27: folds 
jasonuhi: folds 
SANAZ61: folds 
pipinoelbreve9: folds 
EuLTioBraco: folds 
Uncalled bet (€0.05) returned to panoramix06100
panoramix06100 collected €0.10 from pot
panoramix06100: doesn't show hand 
*** SUMMARY ***
Total pot €0.10 | Rake €0 
Seat 1: pipinoelbreve9 (button) folded before Flop (didn't bet)
Seat 2: EuLTioBraco (small blind) folded before Flop
Seat 3: panoramix06100 (big blind) collected (€0.10)
Seat 4: Pabley27 folded before Flop (didn't bet)
Seat 5: jasonuhi folded before Flop (didn't bet)
Seat 6: SANAZ61 folded before Flop (didn't bet)



PokerStars Zoom Hand #257937518144:  Hold'em No Limit (€0.05/€0.10) - 2025/09/29 21:49:56 CET [2025/09/29 15:49:56 ET]
Table 'Caph' 6-max Seat #1 is the button
Seat 1: ma6as (€10.05 in chips) 
Seat 2: JLL1929 (€22.76 in chips) 
Seat 3: LuisGR90 (€10 in chips) 
Seat 4: pipinoelbreve9 (€10.20 in chips) 
Seat 5: lagasalahaga (€12.16 in chips) 
Seat 6: IRIS7577 (€9.42 in chips) 
JLL1929: posts small blind €0.05
LuisGR90: posts big blind €0.10
*** HOLE CARDS ***
Dealt to pipinoelbreve9 [Qc 9s]
pipinoelbreve9: folds 
lagasalahaga: raises €0.20 to €0.30
IRIS7577: folds 
ma6as: folds 
JLL1929: folds 
LuisGR90: folds 
Uncalled bet (€0.20) returned to lagasalahaga
lagasalahaga collected €0.25 from pot
lagasalahaga: doesn't show hand 
*** SUMMARY ***
Total pot €0.25 | Rake €0 
Seat 1: ma6as (button) folded before Flop (didn't bet)
Seat 2: JLL1929 (small blind) folded before Flop
Seat 3: LuisGR90 (big blind) folded before Flop
Seat 4: pipinoelbreve9 folded before Flop (didn't bet)
Seat 5: lagasalahaga collected (€0.25)
Seat 6: IRIS7577 folded before Flop (didn't bet)



PokerStars Zoom Hand #257937518963:  Hold'em No Limit (€0.05/€0.10) - 2025/09/29 21:49:59 CET [2025/09/29 15:49:59 ET]
Table 'Caph' 6-max Seat #1 is the button
Seat 1: anddriu (€9.85 in chips) 
Seat 2: smrj1976 (€12.78 in chips) 
Seat 3: pipinoelbreve9 (€10.20 in chips) 
Seat 4: Originalbora (€10.10 in chips) 
Seat 5: Pabley27 (€10 in chips) 
Seat 6: pikamanu (€11.99 in chips) 
smrj1976: posts small blind €0.05
pipinoelbreve9: posts big blind €0.10
*** HOLE CARDS ***
Dealt to pipinoelbreve9 [6c Qc]
Originalbora: folds 
Pabley27: folds 
pikamanu: raises €0.20 to €0.30
anddriu: folds 
smrj1976: folds 
pipinoelbreve9: calls €0.20
*** FLOP *** [9h Tc 9s]
pipinoelbreve9: checks 
pikamanu: bets €0.31
pipinoelbreve9: folds 
Uncalled bet (€0.31) returned to pikamanu
pikamanu collected €0.62 from pot
pikamanu: doesn't show hand 
*** SUMMARY ***
Total pot €0.65 | Rake €0.03 
Board [9h Tc 9s]
Seat 1: anddriu (button) folded before Flop (didn't bet)
Seat 2: smrj1976 (small blind) folded before Flop
Seat 3: pipinoelbreve9 (big blind) folded on the Flop
Seat 4: Originalbora folded before Flop (didn't bet)
Seat 5: Pabley27 folded before Flop (didn't bet)
Seat 6: pikamanu collected (€0.62)



PokerStars Zoom Hand #257937513446:  Hold'em No Limit (€0.05/€0.10) - 2025/09/29 21:49:40 CET [2025/09/29 15:49:40 ET]
Table 'Caph' 6-max Seat #1 is the button
Seat 1: el+fishdto2s (€4.50 in chips) 
Seat 2: pipinoelbreve9 (€10.25 in chips) 
Seat 3: jbf12345678 (€10 in chips) 
Seat 4: FllanosB (€11.10 in chips) 
Seat 5: clarisoAA (€7.46 in chips) 
Seat 6: ma6as (€10.05 in chips) 
pipinoelbreve9: posts small blind €0.05
jbf12345678: posts big blind €0.10
*** HOLE CARDS ***
Dealt to pipinoelbreve9 [8h 3h]
FllanosB: folds 
clarisoAA: folds 
ma6as: folds 
el+fishdto2s: raises €0.15 to €0.25
pipinoelbreve9: folds 
jbf12345678: calls €0.15
*** FLOP *** [Td Th 6c]
jbf12345678: checks 
el+fishdto2s: checks 
*** TURN *** [Td Th 6c] [9s]
jbf12345678: bets €0.39
el+fishdto2s: folds 
Uncalled bet (€0.39) returned to jbf12345678
jbf12345678 collected €0.52 from pot
jbf12345678: doesn't show hand 
*** SUMMARY ***
Total pot €0.55 | Rake €0.03 
Board [Td Th 6c 9s]
Seat 1: el+fishdto2s (button) folded on the Turn
Seat 2: pipinoelbreve9 (small blind) folded before Flop
Seat 3: jbf12345678 (big blind) collected (€0.52)
Seat 4: FllanosB folded before Flop (didn't bet)
Seat 5: clarisoAA folded before Flop (didn't bet)
Seat 6: ma6as folded before Flop (didn't bet)



PokerStars Zoom Hand #257937517043:  Hold'em No Limit (€0.05/€0.10) - 2025/09/29 21:49:52 CET [2025/09/29 15:49:52 ET]
Table 'Caph' 6-max Seat #1 is the button
Seat 1: Angelfs7 (€11 in chips) 
Seat 2: LuisGR90 (€10 in chips) 
Seat 3: Mrgoodluck666 (€10 in chips) 
Seat 4: FllanosB (€11.05 in chips) 
Seat 5: pipinoelbreve9 (€10.20 in chips) 
Seat 6: pobrekenny (€11.03 in chips) 
LuisGR90: posts small blind €0.05
Mrgoodluck666: posts big blind €0.10
*** HOLE CARDS ***
Dealt to pipinoelbreve9 [9d Th]
FllanosB: folds 
pipinoelbreve9: folds 
pobrekenny: raises €0.15 to €0.25
Angelfs7: folds 
LuisGR90: folds 
Mrgoodluck666: calls €0.15
*** FLOP *** [8h Tc Ad]
Mrgoodluck666: checks 
pobrekenny: bets €0.16
Mrgoodluck666: raises €9.59 to €9.75 and is all-in
pobrekenny: folds 
Uncalled bet (€9.59) returned to Mrgoodluck666
Mrgoodluck666 collected €0.83 from pot
Mrgoodluck666: doesn't show hand 
*** SUMMARY ***
Total pot €0.87 | Rake €0.04 
Board [8h Tc Ad]
Seat 1: Angelfs7 (button) folded before Flop (didn't bet)
Seat 2: LuisGR90 (small blind) folded before Flop
Seat 3: Mrgoodluck666 (big blind) collected (€0.83)
Seat 4: FllanosB folded before Flop (didn't bet)
Seat 5: pipinoelbreve9 folded before Flop (didn't bet)
Seat 6: pobrekenny folded on the Flop



PokerStars Zoom Hand #257937525296:  Hold'em No Limit (€0.05/€0.10) - 2025/09/29 21:50:21 CET [2025/09/29 15:50:21 ET]
Table 'Caph' 6-max Seat #1 is the button
Seat 1: smrj1976 (€12.63 in chips) 
Seat 2: pipinoelbreve9 (€10 in chips) 
Seat 3: $juancarraq$ (€16.41 in chips) 
Seat 4: LuisCesarQB (€10.05 in chips) 
Seat 5: ZEscaleirAKA (€10.69 in chips) 
Seat 6: ehbraga (€5.80 in chips) 
pipinoelbreve9: posts small blind €0.05
$juancarraq$: posts big blind €0.10
*** HOLE CARDS ***
Dealt to pipinoelbreve9 [4s Jh]
LuisCesarQB: raises €0.15 to €0.25
ZEscaleirAKA: folds 
ehbraga: folds 
smrj1976: folds 
pipinoelbreve9: folds 
$juancarraq$: folds 
Uncalled bet (€0.15) returned to LuisCesarQB
LuisCesarQB collected €0.25 from pot
LuisCesarQB: doesn't show hand 
*** SUMMARY ***
Total pot €0.25 | Rake €0 
Seat 1: smrj1976 (button) folded before Flop (didn't bet)
Seat 2: pipinoelbreve9 (small blind) folded before Flop
Seat 3: $juancarraq$ (big blind) folded before Flop
Seat 4: LuisCesarQB collected (€0.25)
Seat 5: ZEscaleirAKA folded before Flop (didn't bet)
Seat 6: ehbraga folded before Flop (didn't bet)



PokerStars Zoom Hand #257937526755:  Hold'em No Limit (€0.05/€0.10) - 2025/09/29 21:50:26 CET [2025/09/29 15:50:26 ET]
Table 'Caph' 6-max Seat #1 is the button
Seat 1: M0rdeKais3r (€31.01 in chips) 
Seat 2: anddriu (€24.35 in chips) 
Seat 3: pikamanu (€12.31 in chips) 
Seat 4: EViiizWasteD (€25.16 in chips) 
Seat 5: pipinoelbreve9 (€10 in chips) 
Seat 6: Bella45000 (€11.53 in chips) 
anddriu: posts small blind €0.05
pikamanu: posts big blind €0.10
*** HOLE CARDS ***
Dealt to pipinoelbreve9 [2c 2h]
EViiizWasteD: folds 
pipinoelbreve9: raises €0.20 to €0.30
Bella45000: folds 
M0rdeKais3r: folds 
anddriu: folds 
pikamanu: calls €0.20
*** FLOP *** [6s Ts Qs]
pikamanu: bets €0.31
pipinoelbreve9: folds 
Uncalled bet (€0.31) returned to pikamanu
pikamanu collected €0.62 from pot
pikamanu: doesn't show hand 
*** SUMMARY ***
Total pot €0.65 | Rake €0.03 
Board [6s Ts Qs]
Seat 1: M0rdeKais3r (button) folded before Flop (didn't bet)
Seat 2: anddriu (small blind) folded before Flop
Seat 3: pikamanu (big blind) collected (€0.62)
Seat 4: EViiizWasteD folded before Flop (didn't bet)
Seat 5: pipinoelbreve9 folded on the Flop
Seat 6: Bella45000 folded before Flop (didn't bet)



PokerStars Zoom Hand #257937535619:  Hold'em No Limit (€0.05/€0.10) - 2025/09/29 21:50:56 CET [2025/09/29 15:50:56 ET]
Table 'Caph' 6-max Seat #1 is the button
Seat 1: anar1312 (€5.64 in chips) 
Seat 2: el+fishdto2s (€4.86 in chips) 
Seat 3: pipinoelbreve9 (€10 in chips) 
Seat 4: ma6as (€11.78 in chips) 
Seat 5: charllisto (€16.69 in chips) 
Seat 6: BrunoM.0110 (€10.53 in chips) 
el+fishdto2s: posts small blind €0.05
pipinoelbreve9: posts big blind €0.10
*** HOLE CARDS ***
Dealt to pipinoelbreve9 [8h 7c]
ma6as: folds 
charllisto: folds 
BrunoM.0110: raises €0.20 to €0.30
anar1312: calls €0.30
el+fishdto2s: folds 
pipinoelbreve9: folds 
*** FLOP *** [9s Jd Qs]
BrunoM.0110: bets €0.30
anar1312: folds 
Uncalled bet (€0.30) returned to BrunoM.0110
BrunoM.0110 collected €0.71 from pot
BrunoM.0110: doesn't show hand 
*** SUMMARY ***
Total pot €0.75 | Rake €0.04 
Board [9s Jd Qs]
Seat 1: anar1312 (button) folded on the Flop
Seat 2: el+fishdto2s (small blind) folded before Flop
Seat 3: pipinoelbreve9 (big blind) folded before Flop
Seat 4: ma6as folded before Flop (didn't bet)
Seat 5: charllisto folded before Flop (didn't bet)
Seat 6: BrunoM.0110 collected (€0.71)



PokerStars Zoom Hand #257937539216:  Hold'em No Limit (€0.05/€0.10) - 2025/09/29 21:51:09 CET [2025/09/29 15:51:09 ET]
Table 'Caph' 6-max Seat #1 is the button
Seat 1: EViiizWasteD (€25.16 in chips) 
Seat 2: joscr12 (€8.20 in chips) 
Seat 3: ma6as (€11.73 in chips) 
Seat 4: Svga420 (€9.79 in chips) 
Seat 5: jbf12345678 (€10.31 in chips) 
Seat 6: pipinoelbreve9 (€10 in chips) 
joscr12: posts small blind €0.05
ma6as: posts big blind €0.10
*** HOLE CARDS ***
Dealt to pipinoelbreve9 [5c 7d]
Svga420: folds 
jbf12345678: raises €0.15 to €0.25
pipinoelbreve9: folds 
EViiizWasteD: folds 
joscr12: folds 
ma6as: folds 
Uncalled bet (€0.15) returned to jbf12345678
jbf12345678 collected €0.25 from pot
jbf12345678: doesn't show hand 
*** SUMMARY ***
Total pot €0.25 | Rake €0 
Seat 1: EViiizWasteD (button) folded before Flop (didn't bet)
Seat 2: joscr12 (small blind) folded before Flop
Seat 3: ma6as (big blind) folded before Flop
Seat 4: Svga420 folded before Flop (didn't bet)
Seat 5: jbf12345678 collected (€0.25)
Seat 6: pipinoelbreve9 folded before Flop (didn't bet)



PokerStars Zoom Hand #257937540400:  Hold'em No Limit (€0.05/€0.10) - 2025/09/29 21:51:13 CET [2025/09/29 15:51:13 ET]
Table 'Caph' 6-max Seat #1 is the button
Seat 1: pipinoelbreve9 (€10 in chips) 
Seat 2: LuisCesarQB (€10.12 in chips) 
Seat 3: LuisGR90 (€14.38 in chips) 
Seat 4: $juancarraq$ (€16.54 in chips) 
Seat 5: JLL1929 (€12.27 in chips) 
Seat 6: Svga420 (€9.79 in chips) 
LuisCesarQB: posts small blind €0.05
LuisGR90: posts big blind €0.10
*** HOLE CARDS ***
Dealt to pipinoelbreve9 [5d Tc]
$juancarraq$: folds 
JLL1929: folds 
Svga420: folds 
pipinoelbreve9: folds 
LuisCesarQB: raises €0.15 to €0.25
LuisGR90: folds 
Uncalled bet (€0.15) returned to LuisCesarQB
LuisCesarQB collected €0.20 from pot
LuisCesarQB: doesn't show hand 
*** SUMMARY ***
Total pot €0.20 | Rake €0 
Seat 1: pipinoelbreve9 (button) folded before Flop (didn't bet)
Seat 2: LuisCesarQB (small blind) collected (€0.20)
Seat 3: LuisGR90 (big blind) folded before Flop
Seat 4: $juancarraq$ folded before Flop (didn't bet)
Seat 5: JLL1929 folded before Flop (didn't bet)
Seat 6: Svga420 folded before Flop (didn't bet)



PokerStars Zoom Hand #257937542515:  Hold'em No Limit (€0.05/€0.10) - 2025/09/29 21:51:20 CET [2025/09/29 15:51:20 ET]
Table 'Caph' 6-max Seat #1 is the button
Seat 1: ivanbody (€9.45 in chips) 
Seat 2: pipinoelbreve9 (€10 in chips) 
Seat 3: edurneimpoker (€15.04 in chips) 
Seat 4: psyfreak 3~ (€18.48 in chips) 
Seat 5: EViiizWasteD (€25.16 in chips) 
Seat 6: ZEscaleirAKA (€10.64 in chips) 
pipinoelbreve9: posts small blind €0.05
edurneimpoker: posts big blind €0.10
*** HOLE CARDS ***
Dealt to pipinoelbreve9 [2d Jh]
psyfreak 3~: folds 
EViiizWasteD: folds 
ZEscaleirAKA: folds 
ivanbody: folds 
pipinoelbreve9: folds 
Uncalled bet (€0.05) returned to edurneimpoker
edurneimpoker collected €0.10 from pot
edurneimpoker: doesn't show hand 
*** SUMMARY ***
Total pot €0.10 | Rake €0 
Seat 1: ivanbody (button) folded before Flop (didn't bet)
Seat 2: pipinoelbreve9 (small blind) folded before Flop
Seat 3: edurneimpoker (big blind) collected (€0.10)
Seat 4: psyfreak 3~ folded before Flop (didn't bet)
Seat 5: EViiizWasteD folded before Flop (didn't bet)
Seat 6: ZEscaleirAKA folded before Flop (didn't bet)



PokerStars Zoom Hand #257937546795:  Hold'em No Limit (€0.05/€0.10) - 2025/09/29 21:51:36 CET [2025/09/29 15:51:36 ET]
Table 'Caph' 6-max Seat #1 is the button
Seat 1: psyfreak 3~ (€18.43 in chips) 
Seat 2: jbf12345678 (€10.83 in chips) 
Seat 3: EViiizWasteD (€25.16 in chips) 
Seat 4: pipinoelbreve9 (€10 in chips) 
Seat 5: FllanosB (€10.80 in chips) 
Seat 6: zdroviak (€10 in chips) 
jbf12345678: posts small blind €0.05
EViiizWasteD: posts big blind €0.10
*** HOLE CARDS ***
Dealt to pipinoelbreve9 [5h Kd]
pipinoelbreve9: folds 
FllanosB: folds 
zdroviak: folds 
psyfreak 3~: raises €0.15 to €0.25
jbf12345678: folds 
EViiizWasteD: folds 
Uncalled bet (€0.15) returned to psyfreak 3~
psyfreak 3~ collected €0.25 from pot
psyfreak 3~: doesn't show hand 
*** SUMMARY ***
Total pot €0.25 | Rake €0 
Seat 1: psyfreak 3~ (button) collected (€0.25)
Seat 2: jbf12345678 (small blind) folded before Flop
Seat 3: EViiizWasteD (big blind) folded before Flop
Seat 4: pipinoelbreve9 folded before Flop (didn't bet)
Seat 5: FllanosB folded before Flop (didn't bet)
Seat 6: zdroviak folded before Flop (didn't bet)



PokerStars Zoom Hand #257937543927:  Hold'em No Limit (€0.05/€0.10) - 2025/09/29 21:51:26 CET [2025/09/29 15:51:26 ET]
Table 'Caph' 6-max Seat #1 is the button
Seat 1: psyfreak 3~ (€29.37 in chips) 
Seat 2: demomentopas (€20.98 in chips) 
Seat 3: jbf12345678 (€10 in chips) 
Seat 4: LuisGR90 (€10 in chips) 
Seat 5: jose1986fcb (€11.22 in chips) 
Seat 6: pipinoelbreve9 (€10 in chips) 
demomentopas: posts small blind €0.05
jbf12345678: posts big blind €0.10
*** HOLE CARDS ***
Dealt to pipinoelbreve9 [Js Ac]
LuisGR90: raises €0.20 to €0.30
jose1986fcb: folds 
pipinoelbreve9: folds 
psyfreak 3~: folds 
demomentopas: folds 
jbf12345678: folds 
Uncalled bet (€0.20) returned to LuisGR90
LuisGR90 collected €0.25 from pot
LuisGR90: doesn't show hand 
*** SUMMARY ***
Total pot €0.25 | Rake €0 
Seat 1: psyfreak 3~ (button) folded before Flop (didn't bet)
Seat 2: demomentopas (small blind) folded before Flop
Seat 3: jbf12345678 (big blind) folded before Flop
Seat 4: LuisGR90 collected (€0.25)
Seat 5: jose1986fcb folded before Flop (didn't bet)
Seat 6: pipinoelbreve9 folded before Flop (didn't bet)



PokerStars Zoom Hand #257937534000:  Hold'em No Limit (€0.05/€0.10) - 2025/09/29 21:50:51 CET [2025/09/29 15:50:51 ET]
Table 'Caph' 6-max Seat #1 is the button
Seat 1: pipinoelbreve9 (€10 in chips) 
Seat 2: Bella45000 (€10 in chips) 
Seat 3: LuisCesarQB (€10.22 in chips) 
Seat 4: dannygomes23 (€10.49 in chips) 
Seat 5: ZEscaleirAKA (€10.64 in chips) 
Seat 6: KuKraPok24 (€14.75 in chips) 
Bella45000: posts small blind €0.05
LuisCesarQB: posts big blind €0.10
*** HOLE CARDS ***
Dealt to pipinoelbreve9 [9c 6d]
dannygomes23: folds 
ZEscaleirAKA: folds 
KuKraPok24: raises €0.25 to €0.35
pipinoelbreve9: folds 
Bella45000: raises €1 to €1.35
LuisCesarQB: folds 
KuKraPok24: calls €1
*** FLOP *** [Ts 7s 8c]
Bella45000: checks 
KuKraPok24: checks 
*** TURN *** [Ts 7s 8c] [9s]
Bella45000: checks 
KuKraPok24: bets €1.33
Bella45000: folds 
Uncalled bet (€1.33) returned to KuKraPok24
KuKraPok24 collected €2.66 from pot
KuKraPok24: doesn't show hand 
*** SUMMARY ***
Total pot €2.80 | Rake €0.14 
Board [Ts 7s 8c 9s]
Seat 1: pipinoelbreve9 (button) folded before Flop (didn't bet)
Seat 2: Bella45000 (small blind) folded on the Turn
Seat 3: LuisCesarQB (big blind) folded before Flop
Seat 4: dannygomes23 folded before Flop (didn't bet)
Seat 5: ZEscaleirAKA folded before Flop (didn't bet)
Seat 6: KuKraPok24 collected (€2.66)



PokerStars Zoom Hand #257937548142:  Hold'em No Limit (€0.05/€0.10) - 2025/09/29 21:51:40 CET [2025/09/29 15:51:40 ET]
Table 'Caph' 6-max Seat #1 is the button
Seat 1: zdroviak (€10 in chips) 
Seat 2: ivanbody (€9.35 in chips) 
Seat 3: grindlaspiel (€23.79 in chips) 
Seat 4: lagasalahaga (€22.76 in chips) 
Seat 5: pipinoelbreve9 (€10 in chips) 
Seat 6: jbf12345678 (€10.60 in chips) 
ivanbody: posts small blind €0.05
grindlaspiel: posts big blind €0.10
*** HOLE CARDS ***
Dealt to pipinoelbreve9 [Tc Th]
lagasalahaga: folds 
pipinoelbreve9: raises €0.20 to €0.30
jbf12345678: folds 
zdroviak: calls €0.30
ivanbody: raises €1.20 to €1.50
grindlaspiel: folds 
pipinoelbreve9: calls €1.20
zdroviak: calls €1.20
*** FLOP *** [Ks Ts 5s]
ivanbody: bets €2.19
pipinoelbreve9: raises €5.78 to €7.97
zdroviak: raises €0.53 to €8.50 and is all-in
ivanbody: calls €5.66 and is all-in
pipinoelbreve9: calls €0.53 and is all-in
*** TURN *** [Ks Ts 5s] [2s]
*** RIVER *** [Ks Ts 5s 2s] [5c]
*** SHOW DOWN ***
pipinoelbreve9: shows [Tc Th] (a full house, Tens full of Fives)
zdroviak: shows [4s 7s] (a flush, King high)
pipinoelbreve9 collected €1.30 from side pot
ivanbody: shows [As Qd] (a flush, Ace high)
pipinoelbreve9 collected €26.90 from main pot
*** SUMMARY ***
Total pot €29.45 Main pot €26.90. Side pot €1.30. | Rake €1.25 
Board [Ks Ts 5s 2s 5c]
Seat 1: zdroviak (button) showed [4s 7s] and lost with a flush, King high
Seat 2: ivanbody (small blind) showed [As Qd] and lost with a flush, Ace high
Seat 3: grindlaspiel (big blind) folded before Flop
Seat 4: lagasalahaga folded before Flop (didn't bet)
Seat 5: pipinoelbreve9 showed [Tc Th] and won (€28.20) with a full house, Tens full of Fives
Seat 6: jbf12345678 folded before Flop (didn't bet)



PokerStars Zoom Hand #257937541240:  Hold'em No Limit (€0.05/€0.10) - 2025/09/29 21:51:16 CET [2025/09/29 15:51:16 ET]
Table 'Caph' 6-max Seat #1 is the button
Seat 1: SANAZ61 (€5.83 in chips) 
Seat 2: el+fishdto2s (€4.79 in chips) 
Seat 3: NOTORIOUSBANE (€10 in chips) 
Seat 4: joanpinyas (€12.58 in chips) 
Seat 5: pipinoelbreve9 (€10 in chips) 
Seat 6: pikamanu (€12.73 in chips) 
el+fishdto2s: posts small blind €0.05
NOTORIOUSBANE: posts big blind €0.10
*** HOLE CARDS ***
Dealt to pipinoelbreve9 [2d 6d]
joanpinyas: folds 
pipinoelbreve9: folds 
pikamanu: folds 
SANAZ61: folds 
el+fishdto2s: raises €0.20 to €0.30
NOTORIOUSBANE: calls €0.20
*** FLOP *** [8c 3s Js]
el+fishdto2s: checks 
NOTORIOUSBANE: checks 
*** TURN *** [8c 3s Js] [2c]
el+fishdto2s: checks 
NOTORIOUSBANE: checks 
*** RIVER *** [8c 3s Js 2c] [Jd]
el+fishdto2s: checks 
NOTORIOUSBANE: checks 
*** SHOW DOWN ***
el+fishdto2s: shows [Qs As] (a pair of Jacks)
NOTORIOUSBANE: mucks hand 
el+fishdto2s collected €0.57 from pot
*** SUMMARY ***
Total pot €0.60 | Rake €0.03 
Board [8c 3s Js 2c Jd]
Seat 1: SANAZ61 (button) folded before Flop (didn't bet)
Seat 2: el+fishdto2s (small blind) showed [Qs As] and won (€0.57) with a pair of Jacks
Seat 3: NOTORIOUSBANE (big blind) mucked [4s 7s]
Seat 4: joanpinyas folded before Flop (didn't bet)
Seat 5: pipinoelbreve9 folded before Flop (didn't bet)
Seat 6: pikamanu folded before Flop (didn't bet)



PokerStars Zoom Hand #257937563641:  Hold'em No Limit (€0.05/€0.10) - 2025/09/29 21:52:34 CET [2025/09/29 15:52:34 ET]
Table 'Caph' 6-max Seat #1 is the button
Seat 1: LuisCesarQB (€15.63 in chips) 
Seat 2: EViiizWasteD (€11.87 in chips) 
Seat 3: pipinoelbreve9 (€28.20 in chips) 
Seat 4: anddriu (€24.13 in chips) 
Seat 5: jasonuhi (€17.18 in chips) 
Seat 6: pomkuitfromhell (€10 in chips) 
EViiizWasteD: posts small blind €0.05
pipinoelbreve9: posts big blind €0.10
*** HOLE CARDS ***
Dealt to pipinoelbreve9 [3s 9h]
anddriu: raises €0.10 to €0.20
jasonuhi: folds 
pomkuitfromhell: folds 
LuisCesarQB: folds 
EViiizWasteD: folds 
pipinoelbreve9: folds 
Uncalled bet (€0.10) returned to anddriu
anddriu collected €0.25 from pot
anddriu: doesn't show hand 
*** SUMMARY ***
Total pot €0.25 | Rake €0 
Seat 1: LuisCesarQB (button) folded before Flop (didn't bet)
Seat 2: EViiizWasteD (small blind) folded before Flop
Seat 3: pipinoelbreve9 (big blind) folded before Flop
Seat 4: anddriu collected (€0.25)
Seat 5: jasonuhi folded before Flop (didn't bet)
Seat 6: pomkuitfromhell folded before Flop (didn't bet)



PokerStars Zoom Hand #257937564805:  Hold'em No Limit (€0.05/€0.10) - 2025/09/29 21:52:38 CET [2025/09/29 15:52:38 ET]
Table 'Caph' 6-max Seat #1 is the button
Seat 1: jbf12345678 (€10 in chips) 
Seat 2: pipinoelbreve9 (€28.10 in chips) 
Seat 3: jasonuhi (€17.18 in chips) 
Seat 4: lagasalahaga (€22.61 in chips) 
Seat 5: sonia515 (€9.80 in chips) 
Seat 6: LuisCesarQB (€10 in chips) 
pipinoelbreve9: posts small blind €0.05
jasonuhi: posts big blind €0.10
*** HOLE CARDS ***
Dealt to pipinoelbreve9 [Tc 2c]
lagasalahaga: folds 
sonia515: folds 
LuisCesarQB: raises €0.15 to €0.25
jbf12345678: folds 
pipinoelbreve9: folds 
jasonuhi: folds 
Uncalled bet (€0.15) returned to LuisCesarQB
LuisCesarQB collected €0.25 from pot
LuisCesarQB: doesn't show hand 
*** SUMMARY ***
Total pot €0.25 | Rake €0 
Seat 1: jbf12345678 (button) folded before Flop (didn't bet)
Seat 2: pipinoelbreve9 (small blind) folded before Flop
Seat 3: jasonuhi (big blind) folded before Flop
Seat 4: lagasalahaga folded before Flop (didn't bet)
Seat 5: sonia515 folded before Flop (didn't bet)
Seat 6: LuisCesarQB collected (€0.25)



PokerStars Zoom Hand #257937566333:  Hold'em No Limit (€0.05/€0.10) - 2025/09/29 21:52:44 CET [2025/09/29 15:52:44 ET]
Table 'Caph' 6-max Seat #1 is the button
Seat 1: pipinoelbreve9 (€28.05 in chips) 
Seat 2: jbf12345678 (€10 in chips) 
Seat 3: charllisto (€16.41 in chips) 
Seat 4: richdog2560 (€12.98 in chips) 
Seat 5: psyfreak 3~ (€29.42 in chips) 
Seat 6: lobitillo (€9.75 in chips) 
jbf12345678: posts small blind €0.05
charllisto: posts big blind €0.10
*** HOLE CARDS ***
Dealt to pipinoelbreve9 [7c 5d]
richdog2560: folds 
psyfreak 3~: folds 
lobitillo: folds 
pipinoelbreve9: folds 
jbf12345678: folds 
Uncalled bet (€0.05) returned to charllisto
charllisto collected €0.10 from pot
charllisto: doesn't show hand 
*** SUMMARY ***
Total pot €0.10 | Rake €0 
Seat 1: pipinoelbreve9 (button) folded before Flop (didn't bet)
Seat 2: jbf12345678 (small blind) folded before Flop
Seat 3: charllisto (big blind) collected (€0.10)
Seat 4: richdog2560 folded before Flop (didn't bet)
Seat 5: psyfreak 3~ folded before Flop (didn't bet)
Seat 6: lobitillo folded before Flop (didn't bet)



