PokerStars Zoom Hand #257711109661:  Hold'em No Limit (100/200) - 2025/09/12 11:17:35 CET [2025/09/12 5:17:35 ET]
Table 'NLHE 100/200 6 Max' 6-max Seat #1 is the button
Seat 1: ramman4447 (8642 in chips) 
Seat 2: Juggs2 (9424 in chips) 
Seat 3: pipinoelbreve9 (20000 in chips) 
Seat 4: mivaro (17275 in chips) 
Seat 5: Bonnie75020 (19988 in chips) 
Seat 6: littleminkey (36259 in chips) 
Juggs2: posts small blind 100
pipinoelbreve9: posts big blind 200
*** HOLE CARDS ***
Dealt to pipinoelbreve9 [7s Qd]
mivaro: folds 
Bonnie75020: calls 200
littleminkey: folds 
ramman4447: folds 
Juggs2: folds 
pipinoelbreve9: checks 
*** FLOP *** [6s 5d 2s]
pipinoelbreve9: checks 
Bonnie75020: checks 
*** TURN *** [6s 5d 2s] [3s]
pipinoelbreve9: bets 200
Bonnie75020: folds 
Uncalled bet (200) returned to pipinoelbreve9
pipinoelbreve9 collected 472 from pot
pipinoelbreve9: doesn't show hand 
*** SUMMARY ***
Total pot 500 | Rake 28 
Board [6s 5d 2s 3s]
Seat 1: ramman4447 (button) folded before Flop (didn't bet)
Seat 2: Juggs2 (small blind) folded before Flop
Seat 3: pipinoelbreve9 (big blind) collected (472)
Seat 4: mivaro folded before Flop (didn't bet)
Seat 5: Bonnie75020 folded on the Turn
Seat 6: littleminkey folded before Flop (didn't bet)



PokerStars Zoom Hand #257711112357:  Hold'em No Limit (100/200) - 2025/09/12 11:18:07 CET [2025/09/12 5:18:07 ET]
Table 'NLHE 100/200 6 Max' 6-max Seat #1 is the button
Seat 1: jasond143 (20140 in chips) 
Seat 2: pipinoelbreve9 (20272 in chips) 
Seat 3: bestservi111 (14424 in chips) 
Seat 4: pucap (56640 in chips) 
Seat 5: Lara3337 (11009 in chips) 
Seat 6: raduconst115 (20000 in chips) 
pipinoelbreve9: posts small blind 100
bestservi111: posts big blind 200
*** HOLE CARDS ***
Dealt to pipinoelbreve9 [7c 7h]
pucap: folds 
Lara3337: calls 200
raduconst115: calls 200
jasond143: folds 
pipinoelbreve9: raises 1000 to 1200
bestservi111: calls 1000
Lara3337: folds 
raduconst115: calls 1000
*** FLOP *** [3h Th 6c]
pipinoelbreve9: bets 1195
bestservi111: raises 10605 to 11800
raduconst115: folds 
pipinoelbreve9 has timed out
pipinoelbreve9: folds 
Uncalled bet (10605) returned to bestservi111
bestservi111 collected 5850 from pot
bestservi111: doesn't show hand 
*** SUMMARY ***
Total pot 6190 | Rake 340 
Board [3h Th 6c]
Seat 1: jasond143 (button) folded before Flop (didn't bet)
Seat 2: pipinoelbreve9 (small blind) folded on the Flop
Seat 3: bestservi111 (big blind) collected (5850)
Seat 4: pucap folded before Flop (didn't bet)
Seat 5: Lara3337 folded before Flop
Seat 6: raduconst115 folded on the Flop



PokerStars Zoom Hand #257711117618:  Hold'em No Limit (100/200) - 2025/09/12 11:19:09 CET [2025/09/12 5:19:09 ET]
Table 'NLHE 100/200 6 Max' 6-max Seat #1 is the button
Seat 1: pipinoelbreve9 (20000 in chips) 
Seat 2: slbenfica385 (18518 in chips) 
Seat 3: zinc92 (3865 in chips) 
Seat 4: Geelongo (20000 in chips) 
Seat 5: D.Robert3420 (7301 in chips) 
Seat 6: Chris170802 (15223 in chips) 
slbenfica385: posts small blind 100
zinc92: posts big blind 200
*** HOLE CARDS ***
Dealt to pipinoelbreve9 [As 3h]
Geelongo: folds 
D.Robert3420: calls 200
Chris170802: folds 
pipinoelbreve9: calls 200
slbenfica385: folds 
zinc92: checks 
*** FLOP *** [Qd 2h 7s]
zinc92: checks 
D.Robert3420: bets 200
pipinoelbreve9: calls 200
zinc92: folds 
*** TURN *** [Qd 2h 7s] [Jc]
D.Robert3420: bets 400
pipinoelbreve9: folds 
Uncalled bet (400) returned to D.Robert3420
D.Robert3420 collected 1039 from pot
D.Robert3420: doesn't show hand 
*** SUMMARY ***
Total pot 1100 | Rake 61 
Board [Qd 2h 7s Jc]
Seat 1: pipinoelbreve9 (button) folded on the Turn
Seat 2: slbenfica385 (small blind) folded before Flop
Seat 3: zinc92 (big blind) folded on the Flop
Seat 4: Geelongo folded before Flop (didn't bet)
Seat 5: D.Robert3420 collected (1039)
Seat 6: Chris170802 folded before Flop (didn't bet)



PokerStars Zoom Hand #257711120515:  Hold'em No Limit (100/200) - 2025/09/12 11:19:44 CET [2025/09/12 5:19:44 ET]
Table 'NLHE 100/200 6 Max' 6-max Seat #1 is the button
Seat 1: radu8778 (56823 in chips) 
Seat 2: Chris170802 (15023 in chips) 
Seat 3: tsekodon (21583 in chips) 
Seat 4: D.Robert3420 (7940 in chips) 
Seat 5: m1mosa (19368 in chips) 
Seat 6: pipinoelbreve9 (20000 in chips) 
Chris170802: posts small blind 100
tsekodon: posts big blind 200
*** HOLE CARDS ***
Dealt to pipinoelbreve9 [5s 2h]
D.Robert3420: folds 
m1mosa: calls 200
pipinoelbreve9: folds 
radu8778: calls 200
Chris170802: calls 100
tsekodon: checks 
*** FLOP *** [5c 3d 4h]
Chris170802: checks 
tsekodon: checks 
m1mosa: checks 
radu8778: checks 
*** TURN *** [5c 3d 4h] [3s]
Chris170802: checks 
tsekodon: checks 
m1mosa: checks 
radu8778: bets 200
Chris170802: folds 
tsekodon: calls 200
m1mosa: calls 200
*** RIVER *** [5c 3d 4h 3s] [Td]
tsekodon: checks 
m1mosa: checks 
radu8778: checks 
*** SHOW DOWN ***
tsekodon: shows [Qc 4d] (two pair, Fours and Threes)
m1mosa: mucks hand 
radu8778: mucks hand 
tsekodon collected 1323 from pot
*** SUMMARY ***
Total pot 1400 | Rake 77 
Board [5c 3d 4h 3s Td]
Seat 1: radu8778 (button) mucked [Js 7h]
Seat 2: Chris170802 (small blind) folded on the Turn
Seat 3: tsekodon (big blind) showed [Qc 4d] and won (1323) with two pair, Fours and Threes
Seat 4: D.Robert3420 folded before Flop (didn't bet)
Seat 5: m1mosa mucked [6s 8s]
Seat 6: pipinoelbreve9 folded before Flop (didn't bet)



PokerStars Zoom Hand #257711121395:  Hold'em No Limit (100/200) - 2025/09/12 11:19:55 CET [2025/09/12 5:19:55 ET]
Table 'NLHE 100/200 6 Max' 6-max Seat #1 is the button
Seat 1: littleminkey (35259 in chips) 
Seat 2: pipinoelbreve9 (20000 in chips) 
Seat 3: paco201126 (24538 in chips) 
Seat 4: pokeriste143 (25497 in chips) 
Seat 5: vasco77bs (111327 in chips) 
Seat 6: ribero196 (40009 in chips) 
pipinoelbreve9: posts small blind 100
paco201126: posts big blind 200
*** HOLE CARDS ***
Dealt to pipinoelbreve9 [Ks Jd]
pokeriste143: calls 200
vasco77bs: folds 
ribero196: calls 200
littleminkey: folds 
pipinoelbreve9: raises 800 to 1000
paco201126: folds 
pokeriste143: calls 800
ribero196: folds 
*** FLOP *** [Qs Qd 9s]
pipinoelbreve9: bets 934
pokeriste143: folds 
Uncalled bet (934) returned to pipinoelbreve9
pipinoelbreve9 collected 2268 from pot
pipinoelbreve9: doesn't show hand 
*** SUMMARY ***
Total pot 2400 | Rake 132 
Board [Qs Qd 9s]
Seat 1: littleminkey (button) folded before Flop (didn't bet)
Seat 2: pipinoelbreve9 (small blind) collected (2268)
Seat 3: paco201126 (big blind) folded before Flop
Seat 4: pokeriste143 folded on the Flop
Seat 5: vasco77bs folded before Flop (didn't bet)
Seat 6: ribero196 folded before Flop



PokerStars Zoom Hand #257711121120:  Hold'em No Limit (100/200) - 2025/09/12 11:19:51 CET [2025/09/12 5:19:51 ET]
Table 'NLHE 100/200 6 Max' 6-max Seat #1 is the button
Seat 1: daik359 (25286 in chips) 
Seat 2: raduconst115 (18200 in chips) 
Seat 3: Andrásmester196 (6767 in chips) 
Seat 4: pipinoelbreve9 (20000 in chips) 
Seat 5: pucap (56407 in chips) 
Seat 6: gaooaza (49644 in chips) 
raduconst115: posts small blind 100
Andrásmester196: posts big blind 200
*** HOLE CARDS ***
Dealt to pipinoelbreve9 [5d 7c]
pipinoelbreve9: folds 
pucap: folds 
gaooaza: calls 200
daik359: calls 200
raduconst115: calls 100
Andrásmester196: checks 
*** FLOP *** [Qd Ah 6d]
raduconst115: checks 
Andrásmester196: checks 
gaooaza: bets 200
daik359: calls 200
raduconst115: raises 1400 to 1600
Andrásmester196: folds 
gaooaza: calls 1400
daik359: folds 
*** TURN *** [Qd Ah 6d] [Js]
raduconst115: bets 16400 and is all-in
gaooaza: folds 
Uncalled bet (16400) returned to raduconst115
raduconst115 collected 3969 from pot
raduconst115: doesn't show hand 
*** SUMMARY ***
Total pot 4200 | Rake 231 
Board [Qd Ah 6d Js]
Seat 1: daik359 (button) folded on the Flop
Seat 2: raduconst115 (small blind) collected (3969)
Seat 3: Andrásmester196 (big blind) folded on the Flop
Seat 4: pipinoelbreve9 folded before Flop (didn't bet)
Seat 5: pucap folded before Flop (didn't bet)
Seat 6: gaooaza folded on the Turn



PokerStars Zoom Hand #257711120798:  Hold'em No Limit (100/200) - 2025/09/12 11:19:47 CET [2025/09/12 5:19:47 ET]
Table 'NLHE 100/200 6 Max' 6-max Seat #1 is the button
Seat 1: fissetmarc (20150 in chips) 
Seat 2: DENDOST (28239 in chips) 
Seat 3: perales_trupa1 (20000 in chips) 
Seat 4: bestservi111 (18796 in chips) 
Seat 5: pipinoelbreve9 (20000 in chips) 
Seat 6: crista643 (21396 in chips) 
DENDOST: posts small blind 100
perales_trupa1: posts big blind 200
*** HOLE CARDS ***
Dealt to pipinoelbreve9 [Qs 5d]
bestservi111: calls 200
pipinoelbreve9: folds 
crista643: calls 200
fissetmarc: calls 200
DENDOST: calls 100
perales_trupa1: checks 
*** FLOP *** [2c 7s 6d]
DENDOST: bets 945
perales_trupa1: calls 945
bestservi111: folds 
crista643: folds 
fissetmarc: folds 
*** TURN *** [2c 7s 6d] [8s]
DENDOST: bets 2731
perales_trupa1: calls 2731
*** RIVER *** [2c 7s 6d 8s] [6c]
DENDOST: bets 24363 and is all-in
perales_trupa1: folds 
Uncalled bet (24363) returned to DENDOST
DENDOST collected 7893 from pot
DENDOST: doesn't show hand 
*** SUMMARY ***
Total pot 8352 | Rake 459 
Board [2c 7s 6d 8s 6c]
Seat 1: fissetmarc (button) folded on the Flop
Seat 2: DENDOST (small blind) collected (7893)
Seat 3: perales_trupa1 (big blind) folded on the River
Seat 4: bestservi111 folded on the Flop
Seat 5: pipinoelbreve9 folded before Flop (didn't bet)
Seat 6: crista643 folded on the Flop



PokerStars Zoom Hand #257711123617:  Hold'em No Limit (100/200) - 2025/09/12 11:20:20 CET [2025/09/12 5:20:20 ET]
Table 'NLHE 100/200 6 Max' 6-max Seat #1 is the button
Seat 1: m1mosa (18968 in chips) 
Seat 2: porourangi (19158 in chips) 
Seat 3: pipinoelbreve9 (21268 in chips) 
Seat 4: andy1175 (21847 in chips) 
Seat 5: Geelongo (19700 in chips) 
Seat 6: AE63 (14685 in chips) 
porourangi: posts small blind 100
pipinoelbreve9: posts big blind 200
*** HOLE CARDS ***
Dealt to pipinoelbreve9 [4c Qd]
andy1175: folds 
Geelongo: folds 
AE63: folds 
m1mosa: calls 200
porourangi: raises 200 to 400
pipinoelbreve9: folds 
m1mosa: calls 200
*** FLOP *** [6c 8s Jd]
porourangi: bets 400
m1mosa: calls 400
*** TURN *** [6c 8s Jd] [Ac]
porourangi: bets 400
m1mosa: raises 17768 to 18168 and is all-in
porourangi: folds 
Uncalled bet (17768) returned to m1mosa
m1mosa collected 2457 from pot
m1mosa: doesn't show hand 
*** SUMMARY ***
Total pot 2600 | Rake 143 
Board [6c 8s Jd Ac]
Seat 1: m1mosa (button) collected (2457)
Seat 2: porourangi (small blind) folded on the Turn
Seat 3: pipinoelbreve9 (big blind) folded before Flop
Seat 4: andy1175 folded before Flop (didn't bet)
Seat 5: Geelongo folded before Flop (didn't bet)
Seat 6: AE63 folded before Flop (didn't bet)



PokerStars Zoom Hand #257711124818:  Hold'em No Limit (100/200) - 2025/09/12 11:20:34 CET [2025/09/12 5:20:34 ET]
Table 'NLHE 100/200 6 Max' 6-max Seat #1 is the button
Seat 1: pipinoelbreve9 (21068 in chips) 
Seat 2: lilyputienne597 (5942 in chips) 
Seat 3: Geelongo (19600 in chips) 
Seat 4: GFS74 (26553 in chips) 
Seat 5: Finesvas (16654 in chips) 
Seat 6: palourde17 (48857 in chips) 
lilyputienne597: posts small blind 100
Geelongo: posts big blind 200
*** HOLE CARDS ***
Dealt to pipinoelbreve9 [Th Kd]
GFS74: folds 
Finesvas: folds 
palourde17: calls 200
pipinoelbreve9: raises 800 to 1000
lilyputienne597: calls 900
Geelongo: folds 
palourde17: calls 800
*** FLOP *** [8d Ah 9d]
lilyputienne597: checks 
palourde17: checks 
pipinoelbreve9: bets 1512
lilyputienne597: calls 1512
palourde17: calls 1512
*** TURN *** [8d Ah 9d] [Jd]
lilyputienne597: checks 
palourde17: checks 
pipinoelbreve9: bets 3440
lilyputienne597: calls 3430 and is all-in
palourde17: folds 
Uncalled bet (10) returned to pipinoelbreve9
*** RIVER *** [8d Ah 9d Jd] [5h]
*** SHOW DOWN ***
lilyputienne597: shows [Qs 9s] (a pair of Nines)
pipinoelbreve9: shows [Th Kd] (high card Ace)
lilyputienne597 collected 13793 from pot
*** SUMMARY ***
Total pot 14596 | Rake 803 
Board [8d Ah 9d Jd 5h]
Seat 1: pipinoelbreve9 (button) showed [Th Kd] and lost with high card Ace
Seat 2: lilyputienne597 (small blind) showed [Qs 9s] and won (13793) with a pair of Nines
Seat 3: Geelongo (big blind) folded before Flop
Seat 4: GFS74 folded before Flop (didn't bet)
Seat 5: Finesvas folded before Flop (didn't bet)
Seat 6: palourde17 folded on the Turn



PokerStars Zoom Hand #257711130491:  Hold'em No Limit (100/200) - 2025/09/12 11:21:39 CET [2025/09/12 5:21:39 ET]
Table 'NLHE 100/200 6 Max' 6-max Seat #1 is the button
Seat 1: RadoRay (13674 in chips) 
Seat 2: KINGARTIX333 (30566 in chips) 
Seat 3: gaooaza (48194 in chips) 
Seat 4: abaco11 (19582 in chips) 
Seat 5: pipinoelbreve9 (20000 in chips) 
Seat 6: stakopete01 (60651 in chips) 
KINGARTIX333: posts small blind 100
gaooaza: posts big blind 200
*** HOLE CARDS ***
Dealt to pipinoelbreve9 [Ah 9d]
abaco11: folds 
pipinoelbreve9: folds 
stakopete01: folds 
RadoRay: folds 
KINGARTIX333: folds 
Uncalled bet (100) returned to gaooaza
gaooaza collected 200 from pot
gaooaza: doesn't show hand 
*** SUMMARY ***
Total pot 200 | Rake 0 
Seat 1: RadoRay (button) folded before Flop (didn't bet)
Seat 2: KINGARTIX333 (small blind) folded before Flop
Seat 3: gaooaza (big blind) collected (200)
Seat 4: abaco11 folded before Flop (didn't bet)
Seat 5: pipinoelbreve9 folded before Flop (didn't bet)
Seat 6: stakopete01 folded before Flop (didn't bet)



PokerStars Zoom Hand #257711130093:  Hold'em No Limit (100/200) - 2025/09/12 11:21:34 CET [2025/09/12 5:21:34 ET]
Table 'NLHE 100/200 6 Max' 6-max Seat #1 is the button
Seat 1: Juggs2 (14860 in chips) 
Seat 2: dawn2dusk436 (32897 in chips) 
Seat 3: lilyputienne597 (13793 in chips) 
Seat 4: RadoRay (13674 in chips) 
Seat 5: Bonnie75020 (26913 in chips) 
Seat 6: pipinoelbreve9 (20000 in chips) 
dawn2dusk436: posts small blind 100
lilyputienne597: posts big blind 200
*** HOLE CARDS ***
Dealt to pipinoelbreve9 [Jh 5c]
RadoRay: folds 
Bonnie75020: calls 200
pipinoelbreve9: folds 
Juggs2: folds 
dawn2dusk436: calls 100
lilyputienne597: checks 
*** FLOP *** [9s 7s 2d]
dawn2dusk436: checks 
lilyputienne597: checks 
Bonnie75020: checks 
*** TURN *** [9s 7s 2d] [4s]
dawn2dusk436: checks 
lilyputienne597: checks 
Bonnie75020: checks 
*** RIVER *** [9s 7s 2d 4s] [9c]
dawn2dusk436: bets 600
lilyputienne597: folds 
Bonnie75020: folds 
Uncalled bet (600) returned to dawn2dusk436
dawn2dusk436 collected 567 from pot
dawn2dusk436: doesn't show hand 
*** SUMMARY ***
Total pot 600 | Rake 33 
Board [9s 7s 2d 4s 9c]
Seat 1: Juggs2 (button) folded before Flop (didn't bet)
Seat 2: dawn2dusk436 (small blind) collected (567)
Seat 3: lilyputienne597 (big blind) folded on the River
Seat 4: RadoRay folded before Flop (didn't bet)
Seat 5: Bonnie75020 folded on the River
Seat 6: pipinoelbreve9 folded before Flop (didn't bet)



PokerStars Zoom Hand #257711131886:  Hold'em No Limit (100/200) - 2025/09/12 11:21:55 CET [2025/09/12 5:21:55 ET]
Table 'NLHE 100/200 6 Max' 6-max Seat #1 is the button
Seat 1: ribero196 (39209 in chips) 
Seat 2: littleminkey (35781 in chips) 
Seat 3: bristlenose399 (8000 in chips) 
Seat 4: dogfan1938 (24626 in chips) 
Seat 5: abaco11 (39534 in chips) 
Seat 6: pipinoelbreve9 (20000 in chips) 
littleminkey: posts small blind 100
bristlenose399: posts big blind 200
*** HOLE CARDS ***
Dealt to pipinoelbreve9 [Kc 5c]
dogfan1938: folds 
abaco11: calls 200
pipinoelbreve9: folds 
ribero196: folds 
littleminkey: folds 
bristlenose399: raises 400 to 600
abaco11: calls 400
*** FLOP *** [Qs Ad Kh]
bristlenose399: bets 614
abaco11: folds 
Uncalled bet (614) returned to bristlenose399
bristlenose399 collected 1228 from pot
bristlenose399: doesn't show hand 
*** SUMMARY ***
Total pot 1300 | Rake 72 
Board [Qs Ad Kh]
Seat 1: ribero196 (button) folded before Flop (didn't bet)
Seat 2: littleminkey (small blind) folded before Flop
Seat 3: bristlenose399 (big blind) collected (1228)
Seat 4: dogfan1938 folded before Flop (didn't bet)
Seat 5: abaco11 folded on the Flop
Seat 6: pipinoelbreve9 folded before Flop (didn't bet)



PokerStars Zoom Hand #257711133802:  Hold'em No Limit (100/200) - 2025/09/12 11:22:16 CET [2025/09/12 5:22:16 ET]
Table 'NLHE 100/200 6 Max' 6-max Seat #1 is the button
Seat 1: D.Robert3420 (7800 in chips) 
Seat 2: pipinoelbreve9 (20000 in chips) 
Seat 3: alfredo.bra1 (55414 in chips) 
Seat 4: DENDOST (32885 in chips) 
Seat 5: Chris170802 (14323 in chips) 
Seat 6: Juggs2 (14560 in chips) 
pipinoelbreve9: posts small blind 100
alfredo.bra1: posts big blind 200
*** HOLE CARDS ***
Dealt to pipinoelbreve9 [3h 8d]
DENDOST: folds 
Chris170802: folds 
Juggs2: folds 
D.Robert3420: calls 200
pipinoelbreve9: folds 
alfredo.bra1: checks 
*** FLOP *** [3s Jc 7c]
alfredo.bra1: checks 
D.Robert3420: checks 
*** TURN *** [3s Jc 7c] [8s]
alfredo.bra1: checks 
D.Robert3420: bets 200
alfredo.bra1: folds 
Uncalled bet (200) returned to D.Robert3420
D.Robert3420 collected 472 from pot
D.Robert3420: doesn't show hand 
*** SUMMARY ***
Total pot 500 | Rake 28 
Board [3s Jc 7c 8s]
Seat 1: D.Robert3420 (button) collected (472)
Seat 2: pipinoelbreve9 (small blind) folded before Flop
Seat 3: alfredo.bra1 (big blind) folded on the Turn
Seat 4: DENDOST folded before Flop (didn't bet)
Seat 5: Chris170802 folded before Flop (didn't bet)
Seat 6: Juggs2 folded before Flop (didn't bet)



PokerStars Zoom Hand #257711133211:  Hold'em No Limit (100/200) - 2025/09/12 11:22:10 CET [2025/09/12 5:22:10 ET]
Table 'NLHE 100/200 6 Max' 6-max Seat #1 is the button
Seat 1: slbenfica385 (18363 in chips) 
Seat 2: Jade4444 (6244 in chips) 
Seat 3: pipinoelbreve9 (20000 in chips) 
Seat 4: radu8778 (45332 in chips) 
Seat 5: J!mbob88 (20653 in chips) 
Seat 6: lilyputienne597 (13593 in chips) 
Jade4444: posts small blind 100
pipinoelbreve9: posts big blind 200
*** HOLE CARDS ***
Dealt to pipinoelbreve9 [5c 9s]
radu8778: calls 200
J!mbob88: raises 200 to 400
lilyputienne597: folds 
slbenfica385: folds 
Jade4444: raises 200 to 600
pipinoelbreve9: folds 
radu8778: calls 400
J!mbob88: calls 200
*** FLOP *** [As Ts Tc]
Jade4444: bets 5644 and is all-in
radu8778: folds 
J!mbob88: folds 
Uncalled bet (5644) returned to Jade4444
Jade4444 collected 1890 from pot
Jade4444: doesn't show hand 
*** SUMMARY ***
Total pot 2000 | Rake 110 
Board [As Ts Tc]
Seat 1: slbenfica385 (button) folded before Flop (didn't bet)
Seat 2: Jade4444 (small blind) collected (1890)
Seat 3: pipinoelbreve9 (big blind) folded before Flop
Seat 4: radu8778 folded on the Flop
Seat 5: J!mbob88 folded on the Flop
Seat 6: lilyputienne597 folded before Flop (didn't bet)



PokerStars Zoom Hand #257711134833:  Hold'em No Limit (100/200) - 2025/09/12 11:22:28 CET [2025/09/12 5:22:28 ET]
Table 'NLHE 100/200 6 Max' 6-max Seat #1 is the button
Seat 1: TheBusyGuy (12691 in chips) 
Seat 2: pipinoelbreve9 (20000 in chips) 
Seat 3: Peppino86253 (38656 in chips) 
Seat 4: steelheadsniff (13857 in chips) 
Seat 5: littleminkey (80027 in chips) 
Seat 6: BusyBee001 (18500 in chips) 
pipinoelbreve9: posts small blind 100
Peppino86253: posts big blind 200
*** HOLE CARDS ***
Dealt to pipinoelbreve9 [5h 9h]
steelheadsniff: folds 
littleminkey: folds 
BusyBee001: folds 
TheBusyGuy: folds 
pipinoelbreve9: folds 
Uncalled bet (100) returned to Peppino86253
Peppino86253 collected 200 from pot
Peppino86253: doesn't show hand 
*** SUMMARY ***
Total pot 200 | Rake 0 
Seat 1: TheBusyGuy (button) folded before Flop (didn't bet)
Seat 2: pipinoelbreve9 (small blind) folded before Flop
Seat 3: Peppino86253 (big blind) collected (200)
Seat 4: steelheadsniff folded before Flop (didn't bet)
Seat 5: littleminkey folded before Flop (didn't bet)
Seat 6: BusyBee001 folded before Flop (didn't bet)



PokerStars Zoom Hand #257711134537:  Hold'em No Limit (100/200) - 2025/09/12 11:22:24 CET [2025/09/12 5:22:24 ET]
Table 'NLHE 100/200 6 Max' 6-max Seat #1 is the button
Seat 1: pipinoelbreve9 (20000 in chips) 
Seat 2: bristlenose399 (8628 in chips) 
Seat 3: Juggs2 (14560 in chips) 
Seat 4: igorgreen136 (7278 in chips) 
Seat 5: bicampex (19688 in chips) 
Seat 6: berni83160 (17261 in chips) 
bristlenose399: posts small blind 100
Juggs2: posts big blind 200
*** HOLE CARDS ***
Dealt to pipinoelbreve9 [4h Jd]
igorgreen136: calls 200
bicampex: calls 200
berni83160: calls 200
pipinoelbreve9: folds 
bristlenose399: folds 
Juggs2: checks 
*** FLOP *** [Qh 3c 7c]
Juggs2: checks 
igorgreen136: checks 
bicampex: checks 
berni83160: bets 1600
Juggs2: folds 
igorgreen136: folds 
bicampex: folds 
Uncalled bet (1600) returned to berni83160
berni83160 collected 850 from pot
berni83160: doesn't show hand 
*** SUMMARY ***
Total pot 900 | Rake 50 
Board [Qh 3c 7c]
Seat 1: pipinoelbreve9 (button) folded before Flop (didn't bet)
Seat 2: bristlenose399 (small blind) folded before Flop
Seat 3: Juggs2 (big blind) folded on the Flop
Seat 4: igorgreen136 folded on the Flop
Seat 5: bicampex folded on the Flop
Seat 6: berni83160 collected (850)



PokerStars Zoom Hand #257711131583:  Hold'em No Limit (100/200) - 2025/09/12 11:21:51 CET [2025/09/12 5:21:51 ET]
Table 'NLHE 100/200 6 Max' 6-max Seat #1 is the button
Seat 1: AE63 (14185 in chips) 
Seat 2: Juggs2 (14860 in chips) 
Seat 3: GFS74 (26053 in chips) 
Seat 4: pipinoelbreve9 (20000 in chips) 
Seat 5: Billphotoman (21632 in chips) 
Seat 6: TheBusyGuy (12891 in chips) 
Juggs2: posts small blind 100
GFS74: posts big blind 200
*** HOLE CARDS ***
Dealt to pipinoelbreve9 [3c Ad]
pipinoelbreve9: folds 
Billphotoman: calls 200
TheBusyGuy: calls 200
AE63: calls 200
Juggs2: folds 
GFS74: checks 
*** FLOP *** [6s Qs 4c]
GFS74: checks 
Billphotoman: checks 
TheBusyGuy: checks 
AE63: bets 200
GFS74: calls 200
Billphotoman: calls 200
TheBusyGuy: folds 
*** TURN *** [6s Qs 4c] [2c]
GFS74: checks 
Billphotoman: checks 
AE63: bets 1417
GFS74: folds 
Billphotoman: calls 1417
*** RIVER *** [6s Qs 4c 2c] [5s]
Billphotoman: bets 200
AE63: calls 200
*** SHOW DOWN ***
Billphotoman: shows [8h 8c] (a pair of Eights)
AE63: shows [As Ah] (a pair of Aces)
AE63 collected 4474 from pot
*** SUMMARY ***
Total pot 4734 | Rake 260 
Board [6s Qs 4c 2c 5s]
Seat 1: AE63 (button) showed [As Ah] and won (4474) with a pair of Aces
Seat 2: Juggs2 (small blind) folded before Flop
Seat 3: GFS74 (big blind) folded on the Turn
Seat 4: pipinoelbreve9 folded before Flop (didn't bet)
Seat 5: Billphotoman showed [8h 8c] and lost with a pair of Eights
Seat 6: TheBusyGuy folded on the Flop



PokerStars Zoom Hand #257711134268:  Hold'em No Limit (100/200) - 2025/09/12 11:22:21 CET [2025/09/12 5:22:21 ET]
Table 'NLHE 100/200 6 Max' 6-max Seat #1 is the button
Seat 1: jaumzinhuuuu (50377 in chips) 
Seat 2: iron hand1 (19800 in chips) 
Seat 3: Billphotoman (26816 in chips) 
Seat 4: pipinoelbreve9 (20000 in chips) 
Seat 5: kandallo2 (18400 in chips) 
Seat 6: abaco11 (19602 in chips) 
iron hand1: posts small blind 100
Billphotoman: posts big blind 200
*** HOLE CARDS ***
Dealt to pipinoelbreve9 [7d Tc]
pipinoelbreve9: folds 
kandallo2: folds 
abaco11: calls 200
jaumzinhuuuu: raises 200 to 400
iron hand1: folds 
Billphotoman: calls 200
abaco11: calls 200
*** FLOP *** [9c 6d 4h]
Billphotoman: checks 
abaco11: checks 
jaumzinhuuuu: bets 614
Billphotoman: calls 614
abaco11: calls 614
*** TURN *** [9c 6d 4h] [Qs]
Billphotoman: bets 5000
abaco11: folds 
jaumzinhuuuu: folds 
Uncalled bet (5000) returned to Billphotoman
Billphotoman collected 2969 from pot
Billphotoman: doesn't show hand 
*** SUMMARY ***
Total pot 3142 | Rake 173 
Board [9c 6d 4h Qs]
Seat 1: jaumzinhuuuu (button) folded on the Turn
Seat 2: iron hand1 (small blind) folded before Flop
Seat 3: Billphotoman (big blind) collected (2969)
Seat 4: pipinoelbreve9 folded before Flop (didn't bet)
Seat 5: kandallo2 folded before Flop (didn't bet)
Seat 6: abaco11 folded on the Turn



PokerStars Zoom Hand #257711135682:  Hold'em No Limit (100/200) - 2025/09/12 11:22:38 CET [2025/09/12 5:22:38 ET]
Table 'NLHE 100/200 6 Max' 6-max Seat #1 is the button
Seat 1: pipinoelbreve9 (20000 in chips) 
Seat 2: TheBusyGuy (12691 in chips) 
Seat 3: macalfazema (11105 in chips) 
Seat 4: littleminkey (35381 in chips) 
Seat 5: paco201126 (24416 in chips) 
Seat 6: Finesvas (16121 in chips) 
TheBusyGuy: posts small blind 100
macalfazema: posts big blind 200
*** HOLE CARDS ***
Dealt to pipinoelbreve9 [Ah 8h]
littleminkey: folds 
paco201126: calls 200
Finesvas: calls 200
pipinoelbreve9: raises 1000 to 1200
TheBusyGuy: folds 
macalfazema: calls 1000
paco201126: calls 1000
Finesvas: folds 
*** FLOP *** [Ad 9h 2s]
macalfazema: checks 
paco201126: checks 
pipinoelbreve9: bets 1842
macalfazema: folds 
paco201126: calls 1842
*** TURN *** [Ad 9h 2s] [5d]
paco201126: checks 
pipinoelbreve9: bets 3983
paco201126: calls 3983
*** RIVER *** [Ad 9h 2s 5d] [8s]
paco201126: checks 
pipinoelbreve9: bets 12975 and is all-in
paco201126: calls 12975
*** SHOW DOWN ***
pipinoelbreve9: shows [Ah 8h] (two pair, Aces and Eights)
paco201126: shows [Th Ts] (a pair of Tens)
pipinoelbreve9 collected 39217 from pot
*** SUMMARY ***
Total pot 41500 | Rake 2283 
Board [Ad 9h 2s 5d 8s]
Seat 1: pipinoelbreve9 (button) showed [Ah 8h] and won (39217) with two pair, Aces and Eights
Seat 2: TheBusyGuy (small blind) folded before Flop
Seat 3: macalfazema (big blind) folded on the Flop
Seat 4: littleminkey folded before Flop (didn't bet)
Seat 5: paco201126 showed [Th Ts] and lost with a pair of Tens
Seat 6: Finesvas folded before Flop



PokerStars Zoom Hand #257711135369:  Hold'em No Limit (100/200) - 2025/09/12 11:22:34 CET [2025/09/12 5:22:34 ET]
Table 'NLHE 100/200 6 Max' 6-max Seat #1 is the button
Seat 1: pokeriste143 (24342 in chips) 
Seat 2: dawn2dusk436 (30381 in chips) 
Seat 3: jackmacgyver74 (15000 in chips) 
Seat 4: steelheadsniff (13857 in chips) 
Seat 5: pipinoelbreve9 (20000 in chips) 
Seat 6: littleminkey (35381 in chips) 
dawn2dusk436: posts small blind 100
jackmacgyver74: posts big blind 200
*** HOLE CARDS ***
Dealt to pipinoelbreve9 [6h Tc]
steelheadsniff: calls 200
pipinoelbreve9: folds 
littleminkey: folds 
pokeriste143: calls 200
dawn2dusk436: calls 100
jackmacgyver74: raises 800 to 1000
steelheadsniff: calls 800
pokeriste143: folds 
dawn2dusk436: folds 
*** FLOP *** [9d Ts 7s]
jackmacgyver74: bets 1000
steelheadsniff: calls 1000
*** TURN *** [9d Ts 7s] [8h]
jackmacgyver74: bets 1200
steelheadsniff: calls 1200
*** RIVER *** [9d Ts 7s 8h] [4c]
jackmacgyver74: checks 
steelheadsniff: bets 2600
jackmacgyver74: folds 
Uncalled bet (2600) returned to steelheadsniff
steelheadsniff collected 6426 from pot
steelheadsniff: doesn't show hand 
*** SUMMARY ***
Total pot 6800 | Rake 374 
Board [9d Ts 7s 8h 4c]
Seat 1: pokeriste143 (button) folded before Flop
Seat 2: dawn2dusk436 (small blind) folded before Flop
Seat 3: jackmacgyver74 (big blind) folded on the River
Seat 4: steelheadsniff collected (6426)
Seat 5: pipinoelbreve9 folded before Flop (didn't bet)
Seat 6: littleminkey folded before Flop (didn't bet)



PokerStars Zoom Hand #257711139941:  Hold'em No Limit (100/200) - 2025/09/12 11:23:27 CET [2025/09/12 5:23:27 ET]
Table 'NLHE 100/200 6 Max' 6-max Seat #1 is the button
Seat 1: Jenk182 (14112 in chips) 
Seat 2: bicampex (18488 in chips) 
Seat 3: pipinoelbreve9 (39217 in chips) 
Seat 4: Big Jules 13 (41493 in chips) 
Seat 5: samfoeu (20446 in chips) 
Seat 6: ew160 (42923 in chips) 
bicampex: posts small blind 100
pipinoelbreve9: posts big blind 200
*** HOLE CARDS ***
Dealt to pipinoelbreve9 [Ad 9d]
Big Jules 13: calls 200
samfoeu: folds 
ew160: folds 
Jenk182: calls 200
bicampex: calls 100
pipinoelbreve9: raises 1200 to 1400
Big Jules 13: folds 
Jenk182: folds 
bicampex: folds 
Uncalled bet (1200) returned to pipinoelbreve9
pipinoelbreve9 collected 800 from pot
pipinoelbreve9: doesn't show hand 
*** SUMMARY ***
Total pot 800 | Rake 0 
Seat 1: Jenk182 (button) folded before Flop
Seat 2: bicampex (small blind) folded before Flop
Seat 3: pipinoelbreve9 (big blind) collected (800)
Seat 4: Big Jules 13 folded before Flop
Seat 5: samfoeu folded before Flop (didn't bet)
Seat 6: ew160 folded before Flop (didn't bet)



PokerStars Zoom Hand #257711142443:  Hold'em No Limit (100/200) - 2025/09/12 11:23:56 CET [2025/09/12 5:23:56 ET]
Table 'NLHE 100/200 6 Max' 6-max Seat #1 is the button
Seat 1: oleg 091111 (7900 in chips) 
Seat 2: frank69xx (37915 in chips) 
Seat 3: AE63 (15675 in chips) 
Seat 4: pipinoelbreve9 (39817 in chips) 
Seat 5: andy1175 (20000 in chips) 
Seat 6: Bulldog475 (106946 in chips) 
frank69xx: posts small blind 100
AE63: posts big blind 200
*** HOLE CARDS ***
Dealt to pipinoelbreve9 [5s 5d]
pipinoelbreve9: raises 400 to 600
andy1175: calls 600
Bulldog475: folds 
oleg 091111: folds 
frank69xx: folds 
AE63: folds 
*** FLOP *** [7s 4c Kc]
pipinoelbreve9: bets 508
andy1175: calls 508
*** TURN *** [7s 4c Kc] [5c]
pipinoelbreve9: bets 1389
andy1175: folds 
Uncalled bet (1389) returned to pipinoelbreve9
pipinoelbreve9 collected 2378 from pot
pipinoelbreve9: doesn't show hand 
*** SUMMARY ***
Total pot 2516 | Rake 138 
Board [7s 4c Kc 5c]
Seat 1: oleg 091111 (button) folded before Flop (didn't bet)
Seat 2: frank69xx (small blind) folded before Flop
Seat 3: AE63 (big blind) folded before Flop
Seat 4: pipinoelbreve9 collected (2378)
Seat 5: andy1175 folded on the Turn
Seat 6: Bulldog475 folded before Flop (didn't bet)



PokerStars Zoom Hand #257711145284:  Hold'em No Limit (100/200) - 2025/09/12 11:24:29 CET [2025/09/12 5:24:29 ET]
Table 'NLHE 100/200 6 Max' 6-max Seat #1 is the button
Seat 1: andy1175 (18892 in chips) 
Seat 2: kandallo2 (16739 in chips) 
Seat 3: KINGARTIX333 (32684 in chips) 
Seat 4: Juggs2 (15762 in chips) 
Seat 5: berni83160 (18239 in chips) 
Seat 6: pipinoelbreve9 (41087 in chips) 
kandallo2: posts small blind 100
KINGARTIX333: posts big blind 200
*** HOLE CARDS ***
Dealt to pipinoelbreve9 [8d 9c]
Juggs2: raises 400 to 600
berni83160: folds 
pipinoelbreve9: folds 
andy1175: calls 600
kandallo2: folds 
KINGARTIX333: folds 
*** FLOP *** [2h Kc Qd]
Juggs2: checks 
andy1175: bets 200
Juggs2: calls 200
*** TURN *** [2h Kc Qd] [Th]
Juggs2: checks 
andy1175: bets 2200
Juggs2: raises 12762 to 14962 and is all-in
andy1175: calls 12762
*** RIVER *** [2h Kc Qd Th] [Kh]
*** SHOW DOWN ***
Juggs2: shows [Ts Tc] (a full house, Tens full of Kings)
andy1175: shows [Jd Qc] (two pair, Kings and Queens)
Juggs2 collected 30074 from pot
*** SUMMARY ***
Total pot 31824 | Rake 1750 
Board [2h Kc Qd Th Kh]
Seat 1: andy1175 (button) showed [Jd Qc] and lost with two pair, Kings and Queens
Seat 2: kandallo2 (small blind) folded before Flop
Seat 3: KINGARTIX333 (big blind) folded before Flop
Seat 4: Juggs2 showed [Ts Tc] and won (30074) with a full house, Tens full of Kings
Seat 5: berni83160 folded before Flop (didn't bet)
Seat 6: pipinoelbreve9 folded before Flop (didn't bet)



PokerStars Zoom Hand #257711145926:  Hold'em No Limit (100/200) - 2025/09/12 11:24:37 CET [2025/09/12 5:24:37 ET]
Table 'NLHE 100/200 6 Max' 6-max Seat #1 is the button
Seat 1: littleminkey (79227 in chips) 
Seat 2: berni83160 (18239 in chips) 
Seat 3: savoie144 (30406 in chips) 
Seat 4: pipinoelbreve9 (41087 in chips) 
Seat 5: paco201126 (4016 in chips) 
Seat 6: igorgreen136 (5978 in chips) 
berni83160: posts small blind 100
savoie144: posts big blind 200
*** HOLE CARDS ***
Dealt to pipinoelbreve9 [Qd Jc]
pipinoelbreve9: raises 400 to 600
paco201126: calls 600
igorgreen136: calls 600
littleminkey: folds 
berni83160: folds 
savoie144: folds 
*** FLOP *** [8s Qs Qc]
pipinoelbreve9: bets 792
paco201126: calls 792
igorgreen136: calls 792
*** TURN *** [8s Qs Qc] [Ad]
pipinoelbreve9: bets 2620
paco201126: calls 2620
igorgreen136: calls 2620
*** RIVER *** [8s Qs Qc Ad] [6c]
pipinoelbreve9: bets 11658
paco201126: calls 4 and is all-in
igorgreen136: folds 
Uncalled bet (11654) returned to pipinoelbreve9
*** SHOW DOWN ***
pipinoelbreve9: shows [Qd Jc] (three of a kind, Queens)
paco201126: shows [8h Ks] (two pair, Queens and Eights)
pipinoelbreve9 collected 11665 from pot
*** SUMMARY ***
Total pot 12344 | Rake 679 
Board [8s Qs Qc Ad 6c]
Seat 1: littleminkey (button) folded before Flop (didn't bet)
Seat 2: berni83160 (small blind) folded before Flop
Seat 3: savoie144 (big blind) folded before Flop
Seat 4: pipinoelbreve9 showed [Qd Jc] and won (11665) with three of a kind, Queens
Seat 5: paco201126 showed [8h Ks] and lost with two pair, Queens and Eights
Seat 6: igorgreen136 folded on the River



PokerStars Zoom Hand #257711149557:  Hold'em No Limit (100/200) - 2025/09/12 11:25:20 CET [2025/09/12 5:25:20 ET]
Table 'NLHE 100/200 6 Max' 6-max Seat #1 is the button
Seat 1: jaumzinhuuuu (48580 in chips) 
Seat 2: pipinoelbreve9 (48736 in chips) 
Seat 3: germain300 (27066 in chips) 
Seat 4: andy1175 (3130 in chips) 
Seat 5: nozmos (40481 in chips) 
Seat 6: muvnon (29950 in chips) 
pipinoelbreve9: posts small blind 100
germain300: posts big blind 200
*** HOLE CARDS ***
Dealt to pipinoelbreve9 [Ts 2c]
andy1175: folds 
nozmos: folds 
muvnon: folds 
jaumzinhuuuu: folds 
pipinoelbreve9: folds 
Uncalled bet (100) returned to germain300
germain300 collected 200 from pot
germain300: doesn't show hand 
*** SUMMARY ***
Total pot 200 | Rake 0 
Seat 1: jaumzinhuuuu (button) folded before Flop (didn't bet)
Seat 2: pipinoelbreve9 (small blind) folded before Flop
Seat 3: germain300 (big blind) collected (200)
Seat 4: andy1175 folded before Flop (didn't bet)
Seat 5: nozmos folded before Flop (didn't bet)
Seat 6: muvnon folded before Flop (didn't bet)



PokerStars Zoom Hand #257711145615:  Hold'em No Limit (100/200) - 2025/09/12 11:24:34 CET [2025/09/12 5:24:34 ET]
Table 'NLHE 100/200 6 Max' 6-max Seat #1 is the button
Seat 1: abaco11 (17858 in chips) 
Seat 2: perladora127 (22539 in chips) 
Seat 3: kandallo2 (16639 in chips) 
Seat 4: berni83160 (18239 in chips) 
Seat 5: pipinoelbreve9 (41087 in chips) 
Seat 6: Megaalex1977 (2429 in chips) 
perladora127: posts small blind 100
kandallo2: posts big blind 200
*** HOLE CARDS ***
Dealt to pipinoelbreve9 [6c 5h]
berni83160: folds 
pipinoelbreve9: folds 
Megaalex1977: calls 200
abaco11: calls 200
perladora127: calls 100
kandallo2: checks 
*** FLOP *** [Kc 9c Tc]
perladora127: checks 
kandallo2: checks 
Megaalex1977: checks 
abaco11: checks 
*** TURN *** [Kc 9c Tc] [3c]
perladora127: checks 
kandallo2: checks 
Megaalex1977: checks 
abaco11: checks 
*** RIVER *** [Kc 9c Tc 3c] [7d]
perladora127: checks 
kandallo2: checks 
Megaalex1977: checks 
abaco11: checks 
*** SHOW DOWN ***
perladora127: shows [Ts 3s] (two pair, Tens and Threes)
kandallo2: mucks hand 
Megaalex1977: mucks hand 
abaco11: mucks hand 
perladora127 collected 756 from pot
*** SUMMARY ***
Total pot 800 | Rake 44 
Board [Kc 9c Tc 3c 7d]
Seat 1: abaco11 (button) mucked [Ad 6s]
Seat 2: perladora127 (small blind) showed [Ts 3s] and won (756) with two pair, Tens and Threes
Seat 3: kandallo2 (big blind) mucked [3d 8h]
Seat 4: berni83160 folded before Flop (didn't bet)
Seat 5: pipinoelbreve9 folded before Flop (didn't bet)
Seat 6: Megaalex1977 mucked [Kh Qs]



PokerStars Zoom Hand #257711149888:  Hold'em No Limit (100/200) - 2025/09/12 11:25:24 CET [2025/09/12 5:25:24 ET]
Table 'NLHE 100/200 6 Max' 6-max Seat #1 is the button
Seat 1: EVI1209 (20856 in chips) 
Seat 2: ACP2012 (30854 in chips) 
Seat 3: pipinoelbreve9 (48636 in chips) 
Seat 4: tsekodon (42201 in chips) 
Seat 5: muvnon (29950 in chips) 
Seat 6: KINGARTIX333 (32284 in chips) 
ACP2012: posts small blind 100
pipinoelbreve9: posts big blind 200
*** HOLE CARDS ***
Dealt to pipinoelbreve9 [Qs 2c]
tsekodon: folds 
muvnon: folds 
KINGARTIX333: folds 
EVI1209: calls 200
ACP2012: calls 100
pipinoelbreve9: checks 
*** FLOP *** [Ad Ah Ks]
ACP2012: checks 
pipinoelbreve9: checks 
EVI1209: checks 
*** TURN *** [Ad Ah Ks] [5c]
ACP2012: checks 
pipinoelbreve9: checks 
EVI1209: checks 
*** RIVER *** [Ad Ah Ks 5c] [Kh]
ACP2012: checks 
pipinoelbreve9: checks 
EVI1209: checks 
*** SHOW DOWN ***
ACP2012: shows [Tc 8d] (two pair, Aces and Kings)
pipinoelbreve9: shows [Qs 2c] (two pair, Aces and Kings - Queen kicker)
EVI1209: shows [Qc Th] (two pair, Aces and Kings)
pipinoelbreve9 collected 284 from pot
EVI1209 collected 283 from pot
*** SUMMARY ***
Total pot 600 | Rake 33 
Board [Ad Ah Ks 5c Kh]
Seat 1: EVI1209 (button) showed [Qc Th] and won (283) with two pair, Aces and Kings
Seat 2: ACP2012 (small blind) showed [Tc 8d] and lost with two pair, Aces and Kings
Seat 3: pipinoelbreve9 (big blind) showed [Qs 2c] and won (284) with two pair, Aces and Kings
Seat 4: tsekodon folded before Flop (didn't bet)
Seat 5: muvnon folded before Flop (didn't bet)
Seat 6: KINGARTIX333 folded before Flop (didn't bet)



PokerStars Zoom Hand #257711152831:  Hold'em No Limit (100/200) - 2025/09/12 11:25:58 CET [2025/09/12 5:25:58 ET]
Table 'NLHE 100/200 6 Max' 6-max Seat #1 is the button
Seat 1: pipinoelbreve9 (48720 in chips) 
Seat 2: Apples1972 (16282 in chips) 
Seat 3: ACP2012 (30654 in chips) 
Seat 4: samfoeu (24279 in chips) 
Seat 5: bicampex (17063 in chips) 
Seat 6: Drac6114 (22580 in chips) 
Apples1972: posts small blind 100
ACP2012: posts big blind 200
*** HOLE CARDS ***
Dealt to pipinoelbreve9 [7c Jd]
samfoeu: folds 
bicampex: raises 400 to 600
Drac6114: folds 
pipinoelbreve9: folds 
Apples1972: calls 500
ACP2012: calls 400
*** FLOP *** [9d Tc Ts]
Apples1972: checks 
ACP2012: checks 
bicampex: checks 
*** TURN *** [9d Tc Ts] [4h]
Apples1972: checks 
ACP2012: checks 
bicampex: checks 
*** RIVER *** [9d Tc Ts 4h] [7h]
Apples1972: checks 
ACP2012: checks 
bicampex: checks 
*** SHOW DOWN ***
Apples1972: shows [2c 2d] (two pair, Tens and Deuces)
ACP2012: mucks hand 
bicampex: shows [Kd Ac] (a pair of Tens)
Apples1972 collected 1701 from pot
*** SUMMARY ***
Total pot 1800 | Rake 99 
Board [9d Tc Ts 4h 7h]
Seat 1: pipinoelbreve9 (button) folded before Flop (didn't bet)
Seat 2: Apples1972 (small blind) showed [2c 2d] and won (1701) with two pair, Tens and Deuces
Seat 3: ACP2012 (big blind) mucked [5c Ks]
Seat 4: samfoeu folded before Flop (didn't bet)
Seat 5: bicampex showed [Kd Ac] and lost with a pair of Tens
Seat 6: Drac6114 folded before Flop (didn't bet)



PokerStars Zoom Hand #257711153662:  Hold'em No Limit (100/200) - 2025/09/12 11:26:08 CET [2025/09/12 5:26:08 ET]
Table 'NLHE 100/200 6 Max' 6-max Seat #1 is the button
Seat 1: pronerd1967 (37878 in chips) 
Seat 2: Billphotoman (18857 in chips) 
Seat 3: bran113 (21259 in chips) 
Seat 4: slbenfica385 (18336 in chips) 
Seat 5: AE63 (16948 in chips) 
Seat 6: pipinoelbreve9 (48720 in chips) 
Billphotoman: posts small blind 100
bran113: posts big blind 200
*** HOLE CARDS ***
Dealt to pipinoelbreve9 [6d 7d]
slbenfica385: folds 
AE63: calls 200
pipinoelbreve9: raises 800 to 1000
pronerd1967: folds 
Billphotoman: folds 
bran113: calls 800
AE63: calls 800
*** FLOP *** [Qc 3s Td]
bran113: checks 
AE63: checks 
pipinoelbreve9: bets 1064
bran113: calls 1064
AE63: calls 1064
*** TURN *** [Qc 3s Td] [4d]
bran113: bets 200
AE63: calls 200
pipinoelbreve9: raises 3600 to 3800
bran113: folds 
AE63: calls 3600
*** RIVER *** [Qc 3s Td 4d] [Ks]
AE63: bets 200
pipinoelbreve9: calls 200
*** SHOW DOWN ***
AE63: shows [Kc Kh] (three of a kind, Kings)
pipinoelbreve9: mucks hand 
AE63 collected 13695 from pot
*** SUMMARY ***
Total pot 14492 | Rake 797 
Board [Qc 3s Td 4d Ks]
Seat 1: pronerd1967 (button) folded before Flop (didn't bet)
Seat 2: Billphotoman (small blind) folded before Flop
Seat 3: bran113 (big blind) folded on the Turn
Seat 4: slbenfica385 folded before Flop (didn't bet)
Seat 5: AE63 showed [Kc Kh] and won (13695) with three of a kind, Kings
Seat 6: pipinoelbreve9 mucked [6d 7d]



PokerStars Zoom Hand #257711158701:  Hold'em No Limit (100/200) - 2025/09/12 11:27:05 CET [2025/09/12 5:27:05 ET]
Table 'NLHE 100/200 6 Max' 6-max Seat #1 is the button
Seat 1: tangoake (52231 in chips) 
Seat 2: ew160 (35534 in chips) 
Seat 3: pipinoelbreve9 (42656 in chips) 
Seat 4: AE63 (24579 in chips) 
Seat 5: Ship0007 (33074 in chips) 
Seat 6: TheBusyGuy (16606 in chips) 
ew160: posts small blind 100
pipinoelbreve9: posts big blind 200
*** HOLE CARDS ***
Dealt to pipinoelbreve9 [3h 9c]
AE63: folds 
Ship0007: folds 
TheBusyGuy: folds 
tangoake: raises 600 to 800
ew160: calls 700
pipinoelbreve9: folds 
*** FLOP *** [Kh 7c 8h]
ew160: checks 
tangoake: bets 850
ew160: folds 
Uncalled bet (850) returned to tangoake
tangoake collected 1701 from pot
tangoake: doesn't show hand 
*** SUMMARY ***
Total pot 1800 | Rake 99 
Board [Kh 7c 8h]
Seat 1: tangoake (button) collected (1701)
Seat 2: ew160 (small blind) folded on the Flop
Seat 3: pipinoelbreve9 (big blind) folded before Flop
Seat 4: AE63 folded before Flop (didn't bet)
Seat 5: Ship0007 folded before Flop (didn't bet)
Seat 6: TheBusyGuy folded before Flop (didn't bet)



PokerStars Zoom Hand #257711159780:  Hold'em No Limit (100/200) - 2025/09/12 11:27:17 CET [2025/09/12 5:27:17 ET]
Table 'NLHE 100/200 6 Max' 6-max Seat #1 is the button
Seat 1: chewbalder (85982 in chips) 
Seat 2: pipinoelbreve9 (42456 in chips) 
Seat 3: J!mbob88 (24416 in chips) 
Seat 4: Big Jules 13 (40093 in chips) 
Seat 5: igorgreen136 (4307 in chips) 
Seat 6: QueenOPots (19975 in chips) 
pipinoelbreve9: posts small blind 100
J!mbob88: posts big blind 200
*** HOLE CARDS ***
Dealt to pipinoelbreve9 [6d 3c]
Big Jules 13: folds 
igorgreen136: calls 200
QueenOPots: calls 200
chewbalder: calls 200
pipinoelbreve9: folds 
J!mbob88: checks 
*** FLOP *** [3h 9h Jd]
J!mbob88: checks 
igorgreen136: checks 
QueenOPots: checks 
chewbalder: checks 
*** TURN *** [3h 9h Jd] [4h]
J!mbob88: checks 
igorgreen136: checks 
QueenOPots: checks 
chewbalder: checks 
*** RIVER *** [3h 9h Jd 4h] [5c]
J!mbob88: bets 1250
igorgreen136: folds 
QueenOPots: folds 
chewbalder: folds 
Uncalled bet (1250) returned to J!mbob88
J!mbob88 collected 850 from pot
J!mbob88: doesn't show hand 
*** SUMMARY ***
Total pot 900 | Rake 50 
Board [3h 9h Jd 4h 5c]
Seat 1: chewbalder (button) folded on the River
Seat 2: pipinoelbreve9 (small blind) folded before Flop
Seat 3: J!mbob88 (big blind) collected (850)
Seat 4: Big Jules 13 folded before Flop (didn't bet)
Seat 5: igorgreen136 folded on the River
Seat 6: QueenOPots folded on the River



PokerStars Zoom Hand #257711160126:  Hold'em No Limit (100/200) - 2025/09/12 11:27:21 CET [2025/09/12 5:27:21 ET]
Table 'NLHE 100/200 6 Max' 6-max Seat #1 is the button
Seat 1: pipinoelbreve9 (42356 in chips) 
Seat 2: Rodev51 (14520 in chips) 
Seat 3: Chris170802 (28817 in chips) 
Seat 4: tomunas (17600 in chips) 
Seat 5: Big Jules 13 (40093 in chips) 
Seat 6: Juggs2 (30724 in chips) 
Rodev51: posts small blind 100
Chris170802: posts big blind 200
*** HOLE CARDS ***
Dealt to pipinoelbreve9 [8d 9s]
tomunas: folds 
Big Jules 13: folds 
Juggs2: folds 
pipinoelbreve9: folds 
Rodev51: calls 100
Chris170802: checks 
*** FLOP *** [9h 4s Jh]
Rodev51: checks 
Chris170802: checks 
*** TURN *** [9h 4s Jh] [2d]
Rodev51: checks 
Chris170802: checks 
*** RIVER *** [9h 4s Jh 2d] [Ah]
Rodev51: checks 
Chris170802: checks 
*** SHOW DOWN ***
Rodev51: shows [7d Qd] (high card Ace)
Chris170802: shows [6h 6c] (a pair of Sixes)
Chris170802 collected 378 from pot
*** SUMMARY ***
Total pot 400 | Rake 22 
Board [9h 4s Jh 2d Ah]
Seat 1: pipinoelbreve9 (button) folded before Flop (didn't bet)
Seat 2: Rodev51 (small blind) showed [7d Qd] and lost with high card Ace
Seat 3: Chris170802 (big blind) showed [6h 6c] and won (378) with a pair of Sixes
Seat 4: tomunas folded before Flop (didn't bet)
Seat 5: Big Jules 13 folded before Flop (didn't bet)
Seat 6: Juggs2 folded before Flop (didn't bet)



PokerStars Zoom Hand #257711160666:  Hold'em No Limit (100/200) - 2025/09/12 11:27:27 CET [2025/09/12 5:27:27 ET]
Table 'NLHE 100/200 6 Max' 6-max Seat #1 is the button
Seat 1: oleg 091111 (3059 in chips) 
Seat 2: pucap (56820 in chips) 
Seat 3: JeffL49ers (77042 in chips) 
Seat 4: tangoake (53132 in chips) 
Seat 5: BusyBee001 (17578 in chips) 
Seat 6: pipinoelbreve9 (42356 in chips) 
pucap: posts small blind 100
JeffL49ers: posts big blind 200
*** HOLE CARDS ***
Dealt to pipinoelbreve9 [5c 2s]
tangoake: folds 
BusyBee001: folds 
pipinoelbreve9: folds 
oleg 091111: raises 2859 to 3059 and is all-in
pucap: folds 
JeffL49ers: folds 
Uncalled bet (2859) returned to oleg 091111
oleg 091111 collected 500 from pot
oleg 091111: doesn't show hand 
*** SUMMARY ***
Total pot 500 | Rake 0 
Seat 1: oleg 091111 (button) collected (500)
Seat 2: pucap (small blind) folded before Flop
Seat 3: JeffL49ers (big blind) folded before Flop
Seat 4: tangoake folded before Flop (didn't bet)
Seat 5: BusyBee001 folded before Flop (didn't bet)
Seat 6: pipinoelbreve9 folded before Flop (didn't bet)



PokerStars Zoom Hand #257711159514:  Hold'em No Limit (100/200) - 2025/09/12 11:27:14 CET [2025/09/12 5:27:14 ET]
Table 'NLHE 100/200 6 Max' 6-max Seat #1 is the button
Seat 1: Surumanz51 (41090 in chips) 
Seat 2: lilyputienne597 (12878 in chips) 
Seat 3: aveo10 (62994 in chips) 
Seat 4: DENDOST (17447 in chips) 
Seat 5: pipinoelbreve9 (42456 in chips) 
Seat 6: tsekodon (41401 in chips) 
lilyputienne597: posts small blind 100
aveo10: posts big blind 200
*** HOLE CARDS ***
Dealt to pipinoelbreve9 [7d 5h]
DENDOST: folds 
pipinoelbreve9: folds 
tsekodon: calls 200
Surumanz51: folds 
lilyputienne597: calls 100
aveo10: checks 
*** FLOP *** [9d 7c 6d]
lilyputienne597: checks 
aveo10: checks 
tsekodon: checks 
*** TURN *** [9d 7c 6d] [Kc]
lilyputienne597: checks 
aveo10: checks 
tsekodon: checks 
*** RIVER *** [9d 7c 6d Kc] [3c]
lilyputienne597: checks 
aveo10: checks 
tsekodon: checks 
*** SHOW DOWN ***
lilyputienne597: shows [5c Ks] (a pair of Kings)
aveo10: mucks hand 
tsekodon: mucks hand 
lilyputienne597 collected 567 from pot
*** SUMMARY ***
Total pot 600 | Rake 33 
Board [9d 7c 6d Kc 3c]
Seat 1: Surumanz51 (button) folded before Flop (didn't bet)
Seat 2: lilyputienne597 (small blind) showed [5c Ks] and won (567) with a pair of Kings
Seat 3: aveo10 (big blind) mucked [Ts 4c]
Seat 4: DENDOST folded before Flop (didn't bet)
Seat 5: pipinoelbreve9 folded before Flop (didn't bet)
Seat 6: tsekodon mucked [As Js]



PokerStars Zoom Hand #257711162921:  Hold'em No Limit (100/200) - 2025/09/12 11:27:53 CET [2025/09/12 5:27:53 ET]
Table 'NLHE 100/200 6 Max' 6-max Seat #1 is the button
Seat 1: daik359 (22787 in chips) 
Seat 2: tangoake (52932 in chips) 
Seat 3: pipinoelbreve9 (42256 in chips) 
Seat 4: Bodo570 (19298 in chips) 
Seat 5: tsekodon (41201 in chips) 
Seat 6: aveo10 (62794 in chips) 
tangoake: posts small blind 100
pipinoelbreve9: posts big blind 200
*** HOLE CARDS ***
Dealt to pipinoelbreve9 [Ts 3d]
Bodo570: folds 
tsekodon: raises 600 to 800
aveo10: folds 
daik359: folds 
tangoake: folds 
pipinoelbreve9: folds 
Uncalled bet (600) returned to tsekodon
tsekodon collected 500 from pot
tsekodon: doesn't show hand 
*** SUMMARY ***
Total pot 500 | Rake 0 
Seat 1: daik359 (button) folded before Flop (didn't bet)
Seat 2: tangoake (small blind) folded before Flop
Seat 3: pipinoelbreve9 (big blind) folded before Flop
Seat 4: Bodo570 folded before Flop (didn't bet)
Seat 5: tsekodon collected (500)
Seat 6: aveo10 folded before Flop (didn't bet)



PokerStars Zoom Hand #257711161914:  Hold'em No Limit (100/200) - 2025/09/12 11:27:42 CET [2025/09/12 5:27:42 ET]
Table 'NLHE 100/200 6 Max' 6-max Seat #1 is the button
Seat 1: J!mbob88 (25066 in chips) 
Seat 2: pipinoelbreve9 (42356 in chips) 
Seat 3: BusyBee001 (17478 in chips) 
Seat 4: QueenOPots (19775 in chips) 
Seat 5: Surumanz51 (41090 in chips) 
Seat 6: daik359 (22787 in chips) 
pipinoelbreve9: posts small blind 100
BusyBee001: posts big blind 200
*** HOLE CARDS ***
Dealt to pipinoelbreve9 [Ah 3d]
QueenOPots: folds 
Surumanz51: folds 
daik359: folds 
J!mbob88: raises 500 to 700
pipinoelbreve9: folds 
BusyBee001 has timed out
BusyBee001: folds 
Uncalled bet (500) returned to J!mbob88
J!mbob88 collected 500 from pot
J!mbob88: doesn't show hand 
*** SUMMARY ***
Total pot 500 | Rake 0 
Seat 1: J!mbob88 (button) collected (500)
Seat 2: pipinoelbreve9 (small blind) folded before Flop
Seat 3: BusyBee001 (big blind) folded before Flop
Seat 4: QueenOPots folded before Flop (didn't bet)
Seat 5: Surumanz51 folded before Flop (didn't bet)
Seat 6: daik359 folded before Flop (didn't bet)



PokerStars Zoom Hand #257711161192:  Hold'em No Limit (100/200) - 2025/09/12 11:27:33 CET [2025/09/12 5:27:33 ET]
Table 'NLHE 100/200 6 Max' 6-max Seat #1 is the button
Seat 1: Comtesse 889 (14121 in chips) 
Seat 2: Drac6114 (22180 in chips) 
Seat 3: andy1175 (19517 in chips) 
Seat 4: jaumzinhuuuu (49606 in chips) 
Seat 5: pipinoelbreve9 (42356 in chips) 
Seat 6: tangoake (53132 in chips) 
Drac6114: posts small blind 100
andy1175: posts big blind 200
*** HOLE CARDS ***
Dealt to pipinoelbreve9 [7h Qs]
jaumzinhuuuu: folds 
pipinoelbreve9: folds 
tangoake: calls 200
Comtesse 889: calls 200
Drac6114: folds 
andy1175: checks 
*** FLOP *** [6h 9s 5d]
andy1175: bets 200
tangoake: folds 
Comtesse 889: calls 200
*** TURN *** [6h 9s 5d] [8d]
andy1175: bets 200
Comtesse 889: raises 200 to 400
andy1175: calls 200
*** RIVER *** [6h 9s 5d 8d] [Qh]
andy1175: bets 200
Comtesse 889: folds 
Uncalled bet (200) returned to andy1175
andy1175 collected 1795 from pot
andy1175: doesn't show hand 
*** SUMMARY ***
Total pot 1900 | Rake 105 
Board [6h 9s 5d 8d Qh]
Seat 1: Comtesse 889 (button) folded on the River
Seat 2: Drac6114 (small blind) folded before Flop
Seat 3: andy1175 (big blind) collected (1795)
Seat 4: jaumzinhuuuu folded before Flop (didn't bet)
Seat 5: pipinoelbreve9 folded before Flop (didn't bet)
Seat 6: tangoake folded on the Flop



PokerStars Zoom Hand #257711163549:  Hold'em No Limit (100/200) - 2025/09/12 11:28:00 CET [2025/09/12 5:28:00 ET]
Table 'NLHE 100/200 6 Max' 6-max Seat #1 is the button
Seat 1: perales_trupa1 (19600 in chips) 
Seat 2: lilyputienne597 (13245 in chips) 
Seat 3: QueenOPots (19575 in chips) 
Seat 4: pipinoelbreve9 (42056 in chips) 
Seat 5: LONGBEARD270 (13485 in chips) 
Seat 6: MrD 155 (33159 in chips) 
lilyputienne597: posts small blind 100
QueenOPots: posts big blind 200
*** HOLE CARDS ***
Dealt to pipinoelbreve9 [7s 8d]
pipinoelbreve9: folds 
LONGBEARD270: calls 200
MrD 155: folds 
perales_trupa1: folds 
lilyputienne597: calls 100
QueenOPots: checks 
*** FLOP *** [Td Ac Ks]
lilyputienne597: checks 
QueenOPots: checks 
LONGBEARD270: checks 
*** TURN *** [Td Ac Ks] [7d]
lilyputienne597: checks 
QueenOPots: checks 
LONGBEARD270: checks 
*** RIVER *** [Td Ac Ks 7d] [Jd]
lilyputienne597: checks 
QueenOPots: bets 567
LONGBEARD270: calls 567
lilyputienne597: folds 
*** SHOW DOWN ***
QueenOPots: shows [Js Th] (two pair, Jacks and Tens)
LONGBEARD270: shows [As Qs] (a straight, Ten to Ace)
LONGBEARD270 collected 1639 from pot
*** SUMMARY ***
Total pot 1734 | Rake 95 
Board [Td Ac Ks 7d Jd]
Seat 1: perales_trupa1 (button) folded before Flop (didn't bet)
Seat 2: lilyputienne597 (small blind) folded on the River
Seat 3: QueenOPots (big blind) showed [Js Th] and lost with two pair, Jacks and Tens
Seat 4: pipinoelbreve9 folded before Flop (didn't bet)
Seat 5: LONGBEARD270 showed [As Qs] and won (1639) with a straight, Ten to Ace
Seat 6: MrD 155 folded before Flop (didn't bet)



PokerStars Zoom Hand #257711164931:  Hold'em No Limit (100/200) - 2025/09/12 11:28:17 CET [2025/09/12 5:28:17 ET]
Table 'NLHE 100/200 6 Max' 6-max Seat #1 is the button
Seat 1: vasco77bs (125683 in chips) 
Seat 2: Apples1972 (16883 in chips) 
Seat 3: tangoake (52832 in chips) 
Seat 4: MrD 155 (33159 in chips) 
Seat 5: perales_trupa1 (19600 in chips) 
Seat 6: pipinoelbreve9 (42056 in chips) 
Apples1972: posts small blind 100
tangoake: posts big blind 200
*** HOLE CARDS ***
Dealt to pipinoelbreve9 [7d Jd]
MrD 155: calls 200
perales_trupa1: calls 200
pipinoelbreve9: folds 
vasco77bs: folds 
Apples1972: folds 
tangoake: checks 
*** FLOP *** [3s Tc 2h]
tangoake: checks 
MrD 155: checks 
perales_trupa1: checks 
*** TURN *** [3s Tc 2h] [8h]
tangoake: checks 
MrD 155: checks 
perales_trupa1: checks 
*** RIVER *** [3s Tc 2h 8h] [Ks]
tangoake: checks 
MrD 155: checks 
perales_trupa1: checks 
*** SHOW DOWN ***
tangoake: shows [9d 4c] (high card King)
MrD 155: shows [3c As] (a pair of Threes)
perales_trupa1: mucks hand 
MrD 155 collected 661 from pot
*** SUMMARY ***
Total pot 700 | Rake 39 
Board [3s Tc 2h 8h Ks]
Seat 1: vasco77bs (button) folded before Flop (didn't bet)
Seat 2: Apples1972 (small blind) folded before Flop
Seat 3: tangoake (big blind) showed [9d 4c] and lost with high card King
Seat 4: MrD 155 showed [3c As] and won (661) with a pair of Threes
Seat 5: perales_trupa1 mucked [Qc Ah]
Seat 6: pipinoelbreve9 folded before Flop (didn't bet)



PokerStars Zoom Hand #257711163913:  Hold'em No Limit (100/200) - 2025/09/12 11:28:05 CET [2025/09/12 5:28:05 ET]
Table 'NLHE 100/200 6 Max' 6-max Seat #1 is the button
Seat 1: pipinoelbreve9 (42056 in chips) 
Seat 2: aveo10 (62794 in chips) 
Seat 3: bristlenose399 (6338 in chips) 
Seat 4: Juggs2 (30524 in chips) 
Seat 5: Long1111023 (17640 in chips) 
Seat 6: GFS74 (48082 in chips) 
aveo10: posts small blind 100
bristlenose399: posts big blind 200
*** HOLE CARDS ***
Dealt to pipinoelbreve9 [7d 5c]
Juggs2: folds 
Long1111023: calls 200
GFS74: calls 200
pipinoelbreve9: folds 
aveo10: folds 
bristlenose399: checks 
*** FLOP *** [9d 5d Ah]
bristlenose399: checks 
Long1111023: checks 
GFS74: checks 
*** TURN *** [9d 5d Ah] [Ks]
bristlenose399: checks 
Long1111023: bets 200
GFS74: calls 200
bristlenose399: calls 200
*** RIVER *** [9d 5d Ah Ks] [6d]
bristlenose399: checks 
Long1111023: bets 614
GFS74: raises 614 to 1228
bristlenose399: folds 
Long1111023: calls 614
*** SHOW DOWN ***
GFS74: shows [8c 7c] (a straight, Five to Nine)
Long1111023: mucks hand 
GFS74 collected 3549 from pot
*** SUMMARY ***
Total pot 3756 | Rake 207 
Board [9d 5d Ah Ks 6d]
Seat 1: pipinoelbreve9 (button) folded before Flop (didn't bet)
Seat 2: aveo10 (small blind) folded before Flop
Seat 3: bristlenose399 (big blind) folded on the River
Seat 4: Juggs2 folded before Flop (didn't bet)
Seat 5: Long1111023 mucked [5s Ad]
Seat 6: GFS74 showed [8c 7c] and won (3549) with a straight, Five to Nine



PokerStars Zoom Hand #257711161529:  Hold'em No Limit (100/200) - 2025/09/12 11:27:37 CET [2025/09/12 5:27:37 ET]
Table 'NLHE 100/200 6 Max' 6-max Seat #1 is the button
Seat 1: danipoker911gt (20523 in chips) 
Seat 2: raduconst115 (25761 in chips) 
Seat 3: iron hand1 (20966 in chips) 
Seat 4: pipinoelbreve9 (42356 in chips) 
Seat 5: chewbalder (85782 in chips) 
Seat 6: abaco11 (47388 in chips) 
raduconst115: posts small blind 100
iron hand1: posts big blind 200
*** HOLE CARDS ***
Dealt to pipinoelbreve9 [7d 9c]
iron hand1 is disconnected 
pipinoelbreve9: folds 
chewbalder: calls 200
abaco11: folds 
danipoker911gt: calls 200
raduconst115: folds 
iron hand1 has timed out while disconnected
iron hand1: checks 
*** FLOP *** [5h 6s 3h]
iron hand1 has timed out while disconnected
iron hand1: checks 
chewbalder: checks 
danipoker911gt: checks 
*** TURN *** [5h 6s 3h] [Th]
iron hand1 has timed out while disconnected
iron hand1: checks 
chewbalder: checks 
danipoker911gt: checks 
*** RIVER *** [5h 6s 3h Th] [5c]
iron hand1 has timed out while disconnected
iron hand1: checks 
chewbalder: checks 
danipoker911gt: checks 
*** SHOW DOWN ***
iron hand1: shows [Ah 4h] (a flush, Ace high)
chewbalder: mucks hand 
danipoker911gt: mucks hand 
iron hand1 collected 661 from pot
*** SUMMARY ***
Total pot 700 | Rake 39 
Board [5h 6s 3h Th 5c]
Seat 1: danipoker911gt (button) mucked [Qh Js]
Seat 2: raduconst115 (small blind) folded before Flop
Seat 3: iron hand1 (big blind) showed [Ah 4h] and won (661) with a flush, Ace high
Seat 4: pipinoelbreve9 folded before Flop (didn't bet)
Seat 5: chewbalder mucked [8d Jc]
Seat 6: abaco11 folded before Flop (didn't bet)



PokerStars Zoom Hand #257711164333:  Hold'em No Limit (100/200) - 2025/09/12 11:28:09 CET [2025/09/12 5:28:09 ET]
Table 'NLHE 100/200 6 Max' 6-max Seat #1 is the button
Seat 1: bibiminou759 (226646 in chips) 
Seat 2: Juggs2 (30524 in chips) 
Seat 3: raduconst115 (25661 in chips) 
Seat 4: pipinoelbreve9 (42056 in chips) 
Seat 5: tangoake (52832 in chips) 
Seat 6: frank69xx (36901 in chips) 
Juggs2: posts small blind 100
raduconst115: posts big blind 200
*** HOLE CARDS ***
Dealt to pipinoelbreve9 [2s Js]
pipinoelbreve9: folds 
tangoake: folds 
frank69xx: calls 200
bibiminou759: folds 
Juggs2: folds 
raduconst115: checks 
*** FLOP *** [7h 9d Ac]
raduconst115: checks 
frank69xx: bets 472
raduconst115: calls 472
*** TURN *** [7h 9d Ac] [6d]
raduconst115: checks 
frank69xx: bets 1365
raduconst115: raises 4235 to 5600
frank69xx: calls 4235
*** RIVER *** [7h 9d Ac 6d] [4c]
raduconst115: bets 11949
frank69xx: calls 11949
*** SHOW DOWN ***
raduconst115: shows [6h 6c] (three of a kind, Sixes)
frank69xx: mucks hand 
raduconst115 collected 34532 from pot
*** SUMMARY ***
Total pot 36542 | Rake 2010 
Board [7h 9d Ac 6d 4c]
Seat 1: bibiminou759 (button) folded before Flop (didn't bet)
Seat 2: Juggs2 (small blind) folded before Flop
Seat 3: raduconst115 (big blind) showed [6h 6c] and won (34532) with three of a kind, Sixes
Seat 4: pipinoelbreve9 folded before Flop (didn't bet)
Seat 5: tangoake folded before Flop (didn't bet)
Seat 6: frank69xx mucked [As 7d]



PokerStars Zoom Hand #257711166475:  Hold'em No Limit (100/200) - 2025/09/12 11:28:35 CET [2025/09/12 5:28:35 ET]
Table 'NLHE 100/200 6 Max' 6-max Seat #1 is the button
Seat 1: Finesvas (17068 in chips) 
Seat 2: QueenOPots (18808 in chips) 
Seat 3: pipinoelbreve9 (42056 in chips) 
Seat 4: abaco11 (17025 in chips) 
Seat 5: Billphotoman (48723 in chips) 
Seat 6: kicsiwauwau (89482 in chips) 
QueenOPots: posts small blind 100
pipinoelbreve9: posts big blind 200
*** HOLE CARDS ***
Dealt to pipinoelbreve9 [Th Td]
abaco11: folds 
Billphotoman has timed out
Billphotoman: folds 
kicsiwauwau has timed out
kicsiwauwau: folds 
Finesvas: folds 
QueenOPots: folds 
Uncalled bet (100) returned to pipinoelbreve9
pipinoelbreve9 collected 200 from pot
pipinoelbreve9: doesn't show hand 
*** SUMMARY ***
Total pot 200 | Rake 0 
Seat 1: Finesvas (button) folded before Flop (didn't bet)
Seat 2: QueenOPots (small blind) folded before Flop
Seat 3: pipinoelbreve9 (big blind) collected (200)
Seat 4: abaco11 folded before Flop (didn't bet)
Seat 5: Billphotoman folded before Flop (didn't bet)
Seat 6: kicsiwauwau folded before Flop (didn't bet)



PokerStars Zoom Hand #257711165905:  Hold'em No Limit (100/200) - 2025/09/12 11:28:28 CET [2025/09/12 5:28:28 ET]
Table 'NLHE 100/200 6 Max' 6-max Seat #1 is the button
Seat 1: godfather481 (55994 in chips) 
Seat 2: RadoRay (14214 in chips) 
Seat 3: abaco11 (47188 in chips) 
Seat 4: cbbien (39222 in chips) 
Seat 5: pipinoelbreve9 (42056 in chips) 
Seat 6: Kran77 (41840 in chips) 
RadoRay: posts small blind 100
abaco11: posts big blind 200
*** HOLE CARDS ***
Dealt to pipinoelbreve9 [7h 4s]
cbbien: calls 200
pipinoelbreve9: folds 
Kran77: calls 200
godfather481: calls 200
RadoRay: folds 
abaco11: checks 
*** FLOP *** [2h Ts 2d]
abaco11: checks 
cbbien: checks 
Kran77: checks 
godfather481: checks 
*** TURN *** [2h Ts 2d] [Kh]
abaco11: checks 
cbbien: checks 
Kran77: checks 
godfather481: checks 
*** RIVER *** [2h Ts 2d Kh] [7s]
abaco11: checks 
cbbien: checks 
Kran77: checks 
godfather481: bets 400
abaco11: folds 
cbbien: calls 400
Kran77: folds 
*** SHOW DOWN ***
godfather481: shows [6h Kc] (two pair, Kings and Deuces)
cbbien: mucks hand 
godfather481 collected 1606 from pot
*** SUMMARY ***
Total pot 1700 | Rake 94 
Board [2h Ts 2d Kh 7s]
Seat 1: godfather481 (button) showed [6h Kc] and won (1606) with two pair, Kings and Deuces
Seat 2: RadoRay (small blind) folded before Flop
Seat 3: abaco11 (big blind) folded on the River
Seat 4: cbbien mucked [Jd 7d]
Seat 5: pipinoelbreve9 folded before Flop (didn't bet)
Seat 6: Kran77 folded on the River



PokerStars Zoom Hand #257711170585:  Hold'em No Limit (100/200) - 2025/09/12 11:29:23 CET [2025/09/12 5:29:23 ET]
Table 'NLHE 100/200 6 Max' 6-max Seat #1 is the button
Seat 1: igorgreen136 (4699 in chips) 
Seat 2: pipinoelbreve9 (42156 in chips) 
Seat 3: Finesvas (16668 in chips) 
Seat 4: SlavaUkr22 (8400 in chips) 
Seat 5: germain300 (22004 in chips) 
Seat 6: perales_trupa1 (19400 in chips) 
pipinoelbreve9: posts small blind 100
Finesvas: posts big blind 200
*** HOLE CARDS ***
Dealt to pipinoelbreve9 [8s Qc]
SlavaUkr22: calls 200
germain300: folds 
perales_trupa1: folds 
igorgreen136: raises 200 to 400
pipinoelbreve9: calls 300
Finesvas: folds 
SlavaUkr22: calls 200
*** FLOP *** [9d 6d 8c]
pipinoelbreve9: checks 
SlavaUkr22: bets 200
igorgreen136: calls 200
pipinoelbreve9: calls 200
*** TURN *** [9d 6d 8c] [Ts]
pipinoelbreve9: checks 
SlavaUkr22: bets 200
igorgreen136: calls 200
pipinoelbreve9: calls 200
*** RIVER *** [9d 6d 8c Ts] [9c]
pipinoelbreve9: checks 
SlavaUkr22: checks 
igorgreen136: checks 
*** SHOW DOWN ***
pipinoelbreve9: shows [8s Qc] (two pair, Nines and Eights)
SlavaUkr22: mucks hand 
igorgreen136: mucks hand 
pipinoelbreve9 collected 2457 from pot
*** SUMMARY ***
Total pot 2600 | Rake 143 
Board [9d 6d 8c Ts 9c]
Seat 1: igorgreen136 (button) mucked [Qd Ks]
Seat 2: pipinoelbreve9 (small blind) showed [8s Qc] and won (2457) with two pair, Nines and Eights
Seat 3: Finesvas (big blind) folded before Flop
Seat 4: SlavaUkr22 mucked [Jd 4d]
Seat 5: germain300 folded before Flop (didn't bet)
Seat 6: perales_trupa1 folded before Flop (didn't bet)



PokerStars Zoom Hand #257711176679:  Hold'em No Limit (100/200) - 2025/09/12 11:30:34 CET [2025/09/12 5:30:34 ET]
Table 'NLHE 100/200 6 Max' 6-max Seat #1 is the button
Seat 1: pronerd1967 (47665 in chips) 
Seat 2: raduconst115 (41672 in chips) 
Seat 3: Lionel242591 (21135 in chips) 
Seat 4: frank69xx (18280 in chips) 
Seat 5: pipinoelbreve9 (43813 in chips) 
Seat 6: TheBusyGuy (23131 in chips) 
raduconst115: posts small blind 100
Lionel242591: posts big blind 200
*** HOLE CARDS ***
Dealt to pipinoelbreve9 [5h 4d]
frank69xx: calls 200
pipinoelbreve9: folds 
TheBusyGuy: folds 
pronerd1967: calls 200
raduconst115: folds 
Lionel242591: checks 
*** FLOP *** [Ah Kc 5c]
Lionel242591: bets 330
frank69xx: calls 330
pronerd1967: folds 
*** TURN *** [Ah Kc 5c] [6s]
Lionel242591: checks 
frank69xx: checks 
*** RIVER *** [Ah Kc 5c 6s] [Qc]
Lionel242591: checks 
frank69xx: checks 
*** SHOW DOWN ***
Lionel242591: shows [Kh 7c] (a pair of Kings)
frank69xx: shows [3h Ad] (a pair of Aces)
frank69xx collected 1285 from pot
*** SUMMARY ***
Total pot 1360 | Rake 75 
Board [Ah Kc 5c 6s Qc]
Seat 1: pronerd1967 (button) folded on the Flop
Seat 2: raduconst115 (small blind) folded before Flop
Seat 3: Lionel242591 (big blind) showed [Kh 7c] and lost with a pair of Kings
Seat 4: frank69xx showed [3h Ad] and won (1285) with a pair of Aces
Seat 5: pipinoelbreve9 folded before Flop (didn't bet)
Seat 6: TheBusyGuy folded before Flop (didn't bet)



PokerStars Zoom Hand #257711176079:  Hold'em No Limit (100/200) - 2025/09/12 11:30:27 CET [2025/09/12 5:30:27 ET]
Table 'NLHE 100/200 6 Max' 6-max Seat #1 is the button
Seat 1: abaco11 (10357 in chips) 
Seat 2: Surumanz51 (41380 in chips) 
Seat 3: igorgreen136 (3899 in chips) 
Seat 4: TheBusyGuy (23131 in chips) 
Seat 5: pipinoelbreve9 (43813 in chips) 
Seat 6: chewbalder (85554 in chips) 
Surumanz51: posts small blind 100
igorgreen136: posts big blind 200
*** HOLE CARDS ***
Dealt to pipinoelbreve9 [Js Th]
TheBusyGuy: folds 
pipinoelbreve9: folds 
chewbalder: folds 
abaco11: calls 200
Surumanz51: calls 100
igorgreen136: checks 
*** FLOP *** [As Ac Qc]
Surumanz51: checks 
igorgreen136: checks 
abaco11: checks 
*** TURN *** [As Ac Qc] [4d]
Surumanz51: checks 
igorgreen136: checks 
abaco11: bets 283
Surumanz51: calls 283
igorgreen136: folds 
*** RIVER *** [As Ac Qc 4d] [3h]
Surumanz51: checks 
abaco11: checks 
*** SHOW DOWN ***
Surumanz51: shows [Ts Kd] (a pair of Aces)
abaco11: shows [Ah 6d] (three of a kind, Aces)
abaco11 collected 1102 from pot
*** SUMMARY ***
Total pot 1166 | Rake 64 
Board [As Ac Qc 4d 3h]
Seat 1: abaco11 (button) showed [Ah 6d] and won (1102) with three of a kind, Aces
Seat 2: Surumanz51 (small blind) showed [Ts Kd] and lost with a pair of Aces
Seat 3: igorgreen136 (big blind) folded on the Turn
Seat 4: TheBusyGuy folded before Flop (didn't bet)
Seat 5: pipinoelbreve9 folded before Flop (didn't bet)
Seat 6: chewbalder folded before Flop (didn't bet)



PokerStars Zoom Hand #257711177348:  Hold'em No Limit (100/200) - 2025/09/12 11:30:42 CET [2025/09/12 5:30:42 ET]
Table 'NLHE 100/200 6 Max' 6-max Seat #1 is the button
Seat 1: Billphotoman (48890 in chips) 
Seat 2: rosco2929 (31957 in chips) 
Seat 3: pipinoelbreve9 (43813 in chips) 
Seat 4: bm38962 (7423 in chips) 
Seat 5: Geelongo (38433 in chips) 
Seat 6: perales_trupa1 (19000 in chips) 
rosco2929: posts small blind 100
pipinoelbreve9: posts big blind 200
*** HOLE CARDS ***
Dealt to pipinoelbreve9 [3c Qs]
bm38962: calls 200
Geelongo: folds 
perales_trupa1: folds 
Billphotoman: calls 200
rosco2929: folds 
pipinoelbreve9: checks 
*** FLOP *** [Jc 7d 4d]
pipinoelbreve9: checks 
bm38962: checks 
Billphotoman: checks 
*** TURN *** [Jc 7d 4d] [5s]
pipinoelbreve9: checks 
bm38962: checks 
Billphotoman: checks 
*** RIVER *** [Jc 7d 4d 5s] [Qc]
pipinoelbreve9: bets 330
bm38962: folds 
Billphotoman: folds 
Uncalled bet (330) returned to pipinoelbreve9
pipinoelbreve9 collected 661 from pot
pipinoelbreve9: doesn't show hand 
*** SUMMARY ***
Total pot 700 | Rake 39 
Board [Jc 7d 4d 5s Qc]
Seat 1: Billphotoman (button) folded on the River
Seat 2: rosco2929 (small blind) folded before Flop
Seat 3: pipinoelbreve9 (big blind) collected (661)
Seat 4: bm38962 folded on the River
Seat 5: Geelongo folded before Flop (didn't bet)
Seat 6: perales_trupa1 folded before Flop (didn't bet)



PokerStars Zoom Hand #257711175795:  Hold'em No Limit (100/200) - 2025/09/12 11:30:23 CET [2025/09/12 5:30:23 ET]
Table 'NLHE 100/200 6 Max' 6-max Seat #1 is the button
Seat 1: Jtina (25756 in chips) 
Seat 2: Lilo Malinois (32642 in chips) 
Seat 3: nozmos (43720 in chips) 
Seat 4: danipoker911gt (20000 in chips) 
Seat 5: Peppino86253 (34717 in chips) 
Seat 6: pipinoelbreve9 (43813 in chips) 
Lilo Malinois: posts small blind 100
nozmos: posts big blind 200
*** HOLE CARDS ***
Dealt to pipinoelbreve9 [4d Jh]
Peppino86253 is disconnected 
danipoker911gt: calls 200
Peppino86253: folds 
pipinoelbreve9: folds 
Jtina: calls 200
Lilo Malinois: folds 
nozmos: checks 
*** FLOP *** [9d Js Ad]
nozmos: checks 
danipoker911gt: checks 
Jtina: checks 
*** TURN *** [9d Js Ad] [Kh]
nozmos: checks 
danipoker911gt: checks 
Jtina: checks 
*** RIVER *** [9d Js Ad Kh] [Qs]
nozmos: bets 1200
danipoker911gt: folds 
Jtina: folds 
Uncalled bet (1200) returned to nozmos
nozmos collected 661 from pot
nozmos: doesn't show hand 
*** SUMMARY ***
Total pot 700 | Rake 39 
Board [9d Js Ad Kh Qs]
Seat 1: Jtina (button) folded on the River
Seat 2: Lilo Malinois (small blind) folded before Flop
Seat 3: nozmos (big blind) collected (661)
Seat 4: danipoker911gt folded on the River
Seat 5: Peppino86253 folded before Flop (didn't bet)
Seat 6: pipinoelbreve9 folded before Flop (didn't bet)



PokerStars Zoom Hand #257711177024:  Hold'em No Limit (100/200) - 2025/09/12 11:30:38 CET [2025/09/12 5:30:38 ET]
Table 'NLHE 100/200 6 Max' 6-max Seat #1 is the button
Seat 1: pipinoelbreve9 (43813 in chips) 
Seat 2: Alfredito3 (15712 in chips) 
Seat 3: Miike3312 (36327 in chips) 
Seat 4: jerryshow251 (11908 in chips) 
Seat 5: bibiminou759 (225397 in chips) 
Seat 6: szabi5555 (26647 in chips) 
Alfredito3: posts small blind 100
Miike3312: posts big blind 200
*** HOLE CARDS ***
Dealt to pipinoelbreve9 [Td 3h]
jerryshow251: calls 200
bibiminou759: calls 200
szabi5555: folds 
pipinoelbreve9: folds 
Alfredito3: calls 100
Miike3312: raises 200 to 400
jerryshow251: calls 200
bibiminou759: calls 200
Alfredito3: calls 200
*** FLOP *** [Ad 4c Jh]
Alfredito3: checks 
Miike3312: checks 
jerryshow251: checks 
bibiminou759: bets 756
Alfredito3: folds 
Miike3312: calls 756
jerryshow251: folds 
*** TURN *** [Ad 4c Jh] [9d]
Miike3312: checks 
bibiminou759: bets 1470
Miike3312: folds 
Uncalled bet (1470) returned to bibiminou759
bibiminou759 collected 2941 from pot
bibiminou759: doesn't show hand 
*** SUMMARY ***
Total pot 3112 | Rake 171 
Board [Ad 4c Jh 9d]
Seat 1: pipinoelbreve9 (button) folded before Flop (didn't bet)
Seat 2: Alfredito3 (small blind) folded on the Flop
Seat 3: Miike3312 (big blind) folded on the Turn
Seat 4: jerryshow251 folded on the Flop
Seat 5: bibiminou759 collected (2941)
Seat 6: szabi5555 folded before Flop (didn't bet)



PokerStars Zoom Hand #257711175509:  Hold'em No Limit (100/200) - 2025/09/12 11:30:20 CET [2025/09/12 5:30:20 ET]
Table 'NLHE 100/200 6 Max' 6-max Seat #1 is the button
Seat 1: pipinoelbreve9 (43813 in chips) 
Seat 2: Ship0007 (37613 in chips) 
Seat 3: tsekodon (40673 in chips) 
Seat 4: igorgreen136 (3899 in chips) 
Seat 5: JeffL49ers (75942 in chips) 
Seat 6: Drac6114 (38674 in chips) 
Ship0007: posts small blind 100
tsekodon: posts big blind 200
*** HOLE CARDS ***
Dealt to pipinoelbreve9 [3h 9d]
igorgreen136: folds 
JeffL49ers: calls 200
Drac6114: calls 200
pipinoelbreve9: folds 
Ship0007: calls 100
tsekodon: checks 
*** FLOP *** [6s Td 7s]
Ship0007: bets 400
tsekodon: folds 
JeffL49ers: calls 400
Drac6114: calls 400
*** TURN *** [6s Td 7s] [Kc]
Ship0007: bets 400
JeffL49ers: calls 400
Drac6114: calls 400
*** RIVER *** [6s Td 7s Kc] [Qh]
Ship0007: bets 400
JeffL49ers: folds 
Drac6114: folds 
Uncalled bet (400) returned to Ship0007
Ship0007 collected 3024 from pot
Ship0007: doesn't show hand 
*** SUMMARY ***
Total pot 3200 | Rake 176 
Board [6s Td 7s Kc Qh]
Seat 1: pipinoelbreve9 (button) folded before Flop (didn't bet)
Seat 2: Ship0007 (small blind) collected (3024)
Seat 3: tsekodon (big blind) folded on the Flop
Seat 4: igorgreen136 folded before Flop (didn't bet)
Seat 5: JeffL49ers folded on the River
Seat 6: Drac6114 folded on the River



PokerStars Zoom Hand #257711180143:  Hold'em No Limit (100/200) - 2025/09/12 11:31:15 CET [2025/09/12 5:31:15 ET]
Table 'NLHE 100/200 6 Max' 6-max Seat #1 is the button
Seat 1: SnapCall36 (87638 in chips) 
Seat 2: pipinoelbreve9 (44274 in chips) 
Seat 3: Billphotoman (48690 in chips) 
Seat 4: zinc92 (3654 in chips) 
Seat 5: jaumzinhuuuu (47395 in chips) 
Seat 6: Ltl O 215 (19800 in chips) 
pipinoelbreve9: posts small blind 100
Billphotoman: posts big blind 200
*** HOLE CARDS ***
Dealt to pipinoelbreve9 [7d Jd]
zinc92: calls 200
jaumzinhuuuu: folds 
Ltl O 215: folds 
SnapCall36: folds 
pipinoelbreve9: raises 800 to 1000
Billphotoman: calls 800
zinc92: folds 
*** FLOP *** [5h 2c Qd]
pipinoelbreve9: checks 
Billphotoman: checks 
*** TURN *** [5h 2c Qd] [Qh]
pipinoelbreve9: checks 
Billphotoman: checks 
*** RIVER *** [5h 2c Qd Qh] [2s]
pipinoelbreve9: checks 
Billphotoman: checks 
*** SHOW DOWN ***
pipinoelbreve9: shows [7d Jd] (two pair, Queens and Deuces)
Billphotoman: shows [Td Th] (two pair, Queens and Tens)
Billphotoman collected 2079 from pot
*** SUMMARY ***
Total pot 2200 | Rake 121 
Board [5h 2c Qd Qh 2s]
Seat 1: SnapCall36 (button) folded before Flop (didn't bet)
Seat 2: pipinoelbreve9 (small blind) showed [7d Jd] and lost with two pair, Queens and Deuces
Seat 3: Billphotoman (big blind) showed [Td Th] and won (2079) with two pair, Queens and Tens
Seat 4: zinc92 folded before Flop
Seat 5: jaumzinhuuuu folded before Flop (didn't bet)
Seat 6: Ltl O 215 folded before Flop (didn't bet)



PokerStars Zoom Hand #257711184319:  Hold'em No Limit (100/200) - 2025/09/12 11:32:03 CET [2025/09/12 5:32:03 ET]
Table 'NLHE 100/200 6 Max' 6-max Seat #1 is the button
Seat 1: cbbien (40941 in chips) 
Seat 2: TheBusyGuy (23721 in chips) 
Seat 3: bibiminou759 (258862 in chips) 
Seat 4: pipinoelbreve9 (43174 in chips) 
Seat 5: perales_trupa1 (18128 in chips) 
Seat 6: Royal783 (14264 in chips) 
TheBusyGuy: posts small blind 100
bibiminou759: posts big blind 200
*** HOLE CARDS ***
Dealt to pipinoelbreve9 [Tc 9s]
pipinoelbreve9: folds 
perales_trupa1: folds 
Royal783: folds 
cbbien: folds 
TheBusyGuy: folds 
Uncalled bet (100) returned to bibiminou759
bibiminou759 collected 200 from pot
bibiminou759: doesn't show hand 
*** SUMMARY ***
Total pot 200 | Rake 0 
Seat 1: cbbien (button) folded before Flop (didn't bet)
Seat 2: TheBusyGuy (small blind) folded before Flop
Seat 3: bibiminou759 (big blind) collected (200)
Seat 4: pipinoelbreve9 folded before Flop (didn't bet)
Seat 5: perales_trupa1 folded before Flop (didn't bet)
Seat 6: Royal783 folded before Flop (didn't bet)



PokerStars Zoom Hand #257711183936:  Hold'em No Limit (100/200) - 2025/09/12 11:31:59 CET [2025/09/12 5:31:59 ET]
Table 'NLHE 100/200 6 Max' 6-max Seat #1 is the button
Seat 1: perales_trupa1 (18128 in chips) 
Seat 2: pipinoelbreve9 (43274 in chips) 
Seat 3: pucap (16509 in chips) 
Seat 4: raduconst115 (42265 in chips) 
Seat 5: Royal783 (14264 in chips) 
Seat 6: Billphotoman (17977 in chips) 
pipinoelbreve9: posts small blind 100
pucap: posts big blind 200
*** HOLE CARDS ***
Dealt to pipinoelbreve9 [9h 6c]
raduconst115: folds 
Royal783: folds 
Billphotoman: folds 
perales_trupa1: folds 
pipinoelbreve9: folds 
Uncalled bet (100) returned to pucap
pucap collected 200 from pot
pucap: doesn't show hand 
*** SUMMARY ***
Total pot 200 | Rake 0 
Seat 1: perales_trupa1 (button) folded before Flop (didn't bet)
Seat 2: pipinoelbreve9 (small blind) folded before Flop
Seat 3: pucap (big blind) collected (200)
Seat 4: raduconst115 folded before Flop (didn't bet)
Seat 5: Royal783 folded before Flop (didn't bet)
Seat 6: Billphotoman folded before Flop (didn't bet)



PokerStars Zoom Hand #257711183620:  Hold'em No Limit (100/200) - 2025/09/12 11:31:56 CET [2025/09/12 5:31:56 ET]
Table 'NLHE 100/200 6 Max' 6-max Seat #1 is the button
Seat 1: chewbalder (89614 in chips) 
Seat 2: Ship0007 (39637 in chips) 
Seat 3: tomunas (28709 in chips) 
Seat 4: Lionel242591 (20205 in chips) 
Seat 5: EVI1209 (18056 in chips) 
Seat 6: pipinoelbreve9 (43274 in chips) 
Ship0007: posts small blind 100
tomunas: posts big blind 200
*** HOLE CARDS ***
Dealt to pipinoelbreve9 [8s Qd]
Lionel242591: folds 
EVI1209: calls 200
pipinoelbreve9: folds 
chewbalder: calls 200
Ship0007: calls 100
tomunas: checks 
*** FLOP *** [Jh 3c Jd]
Ship0007: bets 200
tomunas: folds 
EVI1209: folds 
chewbalder: folds 
Uncalled bet (200) returned to Ship0007
Ship0007 collected 756 from pot
Ship0007: doesn't show hand 
*** SUMMARY ***
Total pot 800 | Rake 44 
Board [Jh 3c Jd]
Seat 1: chewbalder (button) folded on the Flop
Seat 2: Ship0007 (small blind) collected (756)
Seat 3: tomunas (big blind) folded on the Flop
Seat 4: Lionel242591 folded before Flop (didn't bet)
Seat 5: EVI1209 folded on the Flop
Seat 6: pipinoelbreve9 folded before Flop (didn't bet)



PokerStars Zoom Hand #257711183202:  Hold'em No Limit (100/200) - 2025/09/12 11:31:51 CET [2025/09/12 5:31:51 ET]
Table 'NLHE 100/200 6 Max' 6-max Seat #1 is the button
Seat 1: Gixxer305IR (35143 in chips) 
Seat 2: J!mbob88 (27381 in chips) 
Seat 3: AlphaMastaBeta (39807 in chips) 
Seat 4: pipinoelbreve9 (43274 in chips) 
Seat 5: Mr.Samuell (21880 in chips) 
Seat 6: Billphotoman (49769 in chips) 
J!mbob88: posts small blind 100
AlphaMastaBeta: posts big blind 200
*** HOLE CARDS ***
Dealt to pipinoelbreve9 [Ks 4s]
pipinoelbreve9: folds 
Mr.Samuell: folds 
Billphotoman: folds 
Gixxer305IR: folds 
J!mbob88: raises 400 to 600
AlphaMastaBeta: calls 400
*** FLOP *** [Qs Jh Ac]
J!mbob88: checks 
AlphaMastaBeta: checks 
*** TURN *** [Qs Jh Ac] [5d]
J!mbob88: checks 
AlphaMastaBeta: bets 1134
J!mbob88: calls 1134
*** RIVER *** [Qs Jh Ac 5d] [3d]
J!mbob88: bets 3277
AlphaMastaBeta: folds 
Uncalled bet (3277) returned to J!mbob88
J!mbob88 collected 3277 from pot
J!mbob88: doesn't show hand 
*** SUMMARY ***
Total pot 3468 | Rake 191 
Board [Qs Jh Ac 5d 3d]
Seat 1: Gixxer305IR (button) folded before Flop (didn't bet)
Seat 2: J!mbob88 (small blind) collected (3277)
Seat 3: AlphaMastaBeta (big blind) folded on the River
Seat 4: pipinoelbreve9 folded before Flop (didn't bet)
Seat 5: Mr.Samuell folded before Flop (didn't bet)
Seat 6: Billphotoman folded before Flop (didn't bet)



PokerStars Zoom Hand #257711184613:  Hold'em No Limit (100/200) - 2025/09/12 11:32:07 CET [2025/09/12 5:32:07 ET]
Table 'NLHE 100/200 6 Max' 6-max Seat #1 is the button
Seat 1: Chris170802 (27773 in chips) 
Seat 2: Rodev51 (15338 in chips) 
Seat 3: zinc92 (3915 in chips) 
Seat 4: Billphotoman (17977 in chips) 
Seat 5: slbenfica385 (19500 in chips) 
Seat 6: pipinoelbreve9 (43174 in chips) 
Rodev51: posts small blind 100
zinc92: posts big blind 200
*** HOLE CARDS ***
Dealt to pipinoelbreve9 [Jd Td]
Billphotoman: calls 200
slbenfica385: folds 
pipinoelbreve9: raises 800 to 1000
Chris170802: folds 
Rodev51: folds 
Rodev51 is disconnected 
zinc92: calls 800
Billphotoman: calls 800
*** FLOP *** [Qh Qc 8s]
zinc92: checks 
Billphotoman: checks 
pipinoelbreve9: bets 1464
zinc92: calls 1464
Billphotoman: folds 
*** TURN *** [Qh Qc 8s] [4s]
zinc92: checks 
pipinoelbreve9: checks 
*** RIVER *** [Qh Qc 8s 4s] [Kc]
zinc92: bets 1451 and is all-in
pipinoelbreve9: folds 
Uncalled bet (1451) returned to zinc92
zinc92 collected 5696 from pot
zinc92: doesn't show hand 
*** SUMMARY ***
Total pot 6028 | Rake 332 
Board [Qh Qc 8s 4s Kc]
Seat 1: Chris170802 (button) folded before Flop (didn't bet)
Seat 2: Rodev51 (small blind) folded before Flop
Seat 3: zinc92 (big blind) collected (5696)
Seat 4: Billphotoman folded on the Flop
Seat 5: slbenfica385 folded before Flop (didn't bet)
Seat 6: pipinoelbreve9 folded on the River



PokerStars Zoom Hand #257711189079:  Hold'em No Limit (100/200) - 2025/09/12 11:32:58 CET [2025/09/12 5:32:58 ET]
Table 'NLHE 100/200 6 Max' 6-max Seat #1 is the button
Seat 1: Chris170802 (27473 in chips) 
Seat 2: pronerd1967 (47751 in chips) 
Seat 3: pipinoelbreve9 (40710 in chips) 
Seat 4: Ltl O 215 (18444 in chips) 
Seat 5: bran113 (20110 in chips) 
Seat 6: LONGBEARD270 (12929 in chips) 
pronerd1967: posts small blind 100
pipinoelbreve9: posts big blind 200
*** HOLE CARDS ***
Dealt to pipinoelbreve9 [3d 4s]
Ltl O 215: folds 
bran113: calls 200
LONGBEARD270: folds 
Chris170802: folds 
pronerd1967: calls 100
pipinoelbreve9: checks 
*** FLOP *** [4h As 7h]
pronerd1967: checks 
pipinoelbreve9: checks 
bran113: checks 
*** TURN *** [4h As 7h] [8d]
pronerd1967: checks 
pipinoelbreve9: bets 283
bran113: calls 283
pronerd1967: folds 
*** RIVER *** [4h As 7h 8d] [Kc]
pipinoelbreve9: bets 551
bran113: folds 
Uncalled bet (551) returned to pipinoelbreve9
pipinoelbreve9 collected 1102 from pot
pipinoelbreve9: doesn't show hand 
*** SUMMARY ***
Total pot 1166 | Rake 64 
Board [4h As 7h 8d Kc]
Seat 1: Chris170802 (button) folded before Flop (didn't bet)
Seat 2: pronerd1967 (small blind) folded on the Turn
Seat 3: pipinoelbreve9 (big blind) collected (1102)
Seat 4: Ltl O 215 folded before Flop (didn't bet)
Seat 5: bran113 folded on the River
Seat 6: LONGBEARD270 folded before Flop (didn't bet)



PokerStars Zoom Hand #257711192022:  Hold'em No Limit (100/200) - 2025/09/12 11:33:31 CET [2025/09/12 5:33:31 ET]
Table 'NLHE 100/200 6 Max' 6-max Seat #1 is the button
Seat 1: agusspg (14517 in chips) 
Seat 2: SirFeliceFis (16351 in chips) 
Seat 3: slbenfica385 (20072 in chips) 
Seat 4: pronerd1967 (47351 in chips) 
Seat 5: Billphotoman (50913 in chips) 
Seat 6: pipinoelbreve9 (41329 in chips) 
SirFeliceFis: posts small blind 100
slbenfica385: posts big blind 200
*** HOLE CARDS ***
Dealt to pipinoelbreve9 [2s 5s]
pronerd1967: folds 
Billphotoman: folds 
pipinoelbreve9: folds 
agusspg: folds 
SirFeliceFis: folds 
Uncalled bet (100) returned to slbenfica385
slbenfica385 collected 200 from pot
slbenfica385: doesn't show hand 
*** SUMMARY ***
Total pot 200 | Rake 0 
Seat 1: agusspg (button) folded before Flop (didn't bet)
Seat 2: SirFeliceFis (small blind) folded before Flop
Seat 3: slbenfica385 (big blind) collected (200)
Seat 4: pronerd1967 folded before Flop (didn't bet)
Seat 5: Billphotoman folded before Flop (didn't bet)
Seat 6: pipinoelbreve9 folded before Flop (didn't bet)



PokerStars Zoom Hand #257711191599:  Hold'em No Limit (100/200) - 2025/09/12 11:33:27 CET [2025/09/12 5:33:27 ET]
Table 'NLHE 100/200 6 Max' 6-max Seat #1 is the button
Seat 1: bridgefan920 (19500 in chips) 
Seat 2: Lionel242591 (20005 in chips) 
Seat 3: bestservi111 (28222 in chips) 
Seat 4: pipinoelbreve9 (41329 in chips) 
Seat 5: Peplamagic (31078 in chips) 
Seat 6: burritoma112 (47631 in chips) 
Lionel242591: posts small blind 100
bestservi111: posts big blind 200
*** HOLE CARDS ***
Dealt to pipinoelbreve9 [9s 3s]
pipinoelbreve9: folds 
Peplamagic: folds 
burritoma112: raises 200 to 400
bridgefan920: folds 
Lionel242591: folds 
bestservi111: calls 200
*** FLOP *** [8h 6c 5s]
bestservi111: checks 
burritoma112: checks 
*** TURN *** [8h 6c 5s] [Kc]
bestservi111: checks 
burritoma112: checks 
*** RIVER *** [8h 6c 5s Kc] [Th]
bestservi111: checks 
burritoma112: bets 800
bestservi111: folds 
Uncalled bet (800) returned to burritoma112
burritoma112 collected 850 from pot
burritoma112: doesn't show hand 
*** SUMMARY ***
Total pot 900 | Rake 50 
Board [8h 6c 5s Kc Th]
Seat 1: bridgefan920 (button) folded before Flop (didn't bet)
Seat 2: Lionel242591 (small blind) folded before Flop
Seat 3: bestservi111 (big blind) folded on the River
Seat 4: pipinoelbreve9 folded before Flop (didn't bet)
Seat 5: Peplamagic folded before Flop (didn't bet)
Seat 6: burritoma112 collected (850)



PokerStars Zoom Hand #257711191236:  Hold'em No Limit (100/200) - 2025/09/12 11:33:23 CET [2025/09/12 5:33:23 ET]
Table 'NLHE 100/200 6 Max' 6-max Seat #1 is the button
Seat 1: pipinoelbreve9 (41329 in chips) 
Seat 2: perladora127 (58018 in chips) 
Seat 3: igorgreen136 (4656 in chips) 
Seat 4: pucap (16976 in chips) 
Seat 5: Jtina (25234 in chips) 
Seat 6: Miike3312 (51947 in chips) 
perladora127: posts small blind 100
igorgreen136: posts big blind 200
*** HOLE CARDS ***
Dealt to pipinoelbreve9 [4h 9d]
pucap: folds 
Jtina: folds 
Miike3312: raises 200 to 400
pipinoelbreve9: folds 
perladora127: calls 300
igorgreen136: raises 400 to 800
Miike3312: calls 400
perladora127: calls 400
*** FLOP *** [Ts 3h 9h]
perladora127: checks 
igorgreen136: bets 2268
Miike3312: calls 2268
perladora127: folds 
*** TURN *** [Ts 3h 9h] [8s]
igorgreen136: bets 1588 and is all-in
Miike3312: calls 1588
*** RIVER *** [Ts 3h 9h 8s] [7c]
*** SHOW DOWN ***
igorgreen136: shows [Ah Ac] (a pair of Aces)
Miike3312: shows [2s 9s] (a pair of Nines)
igorgreen136 collected 9556 from pot
*** SUMMARY ***
Total pot 10112 | Rake 556 
Board [Ts 3h 9h 8s 7c]
Seat 1: pipinoelbreve9 (button) folded before Flop (didn't bet)
Seat 2: perladora127 (small blind) folded on the Flop
Seat 3: igorgreen136 (big blind) showed [Ah Ac] and won (9556) with a pair of Aces
Seat 4: pucap folded before Flop (didn't bet)
Seat 5: Jtina folded before Flop (didn't bet)
Seat 6: Miike3312 showed [2s 9s] and lost with a pair of Nines



PokerStars Zoom Hand #257711192327:  Hold'em No Limit (100/200) - 2025/09/12 11:33:35 CET [2025/09/12 5:33:35 ET]
Table 'NLHE 100/200 6 Max' 6-max Seat #1 is the button
Seat 1: rosco2929 (30924 in chips) 
Seat 2: wegolf (19800 in chips) 
Seat 3: Bulldog475 (106564 in chips) 
Seat 4: rosarosa77 (13455 in chips) 
Seat 5: pipinoelbreve9 (41329 in chips) 
Seat 6: alexx0706 (86998 in chips) 
wegolf: posts small blind 100
Bulldog475: posts big blind 200
*** HOLE CARDS ***
Dealt to pipinoelbreve9 [Ad 5d]
rosarosa77: calls 200
pipinoelbreve9: raises 800 to 1000
alexx0706: folds 
rosco2929: folds 
wegolf: calls 900
Bulldog475: folds 
rosarosa77: calls 800
*** FLOP *** [Kd Th 6c]
wegolf: checks 
rosarosa77: checks 
pipinoelbreve9: bets 1112
wegolf: folds 
rosarosa77: calls 1112
*** TURN *** [Kd Th 6c] [4s]
rosarosa77: checks 
pipinoelbreve9: checks 
*** RIVER *** [Kd Th 6c 4s] [Td]
rosarosa77: bets 600
pipinoelbreve9: calls 600
*** SHOW DOWN ***
rosarosa77: shows [9c Ts] (three of a kind, Tens)
pipinoelbreve9: mucks hand 
rosarosa77 collected 6260 from pot
*** SUMMARY ***
Total pot 6624 | Rake 364 
Board [Kd Th 6c 4s Td]
Seat 1: rosco2929 (button) folded before Flop (didn't bet)
Seat 2: wegolf (small blind) folded on the Flop
Seat 3: Bulldog475 (big blind) folded before Flop
Seat 4: rosarosa77 showed [9c Ts] and won (6260) with three of a kind, Tens
Seat 5: pipinoelbreve9 mucked [Ad 5d]
Seat 6: alexx0706 folded before Flop (didn't bet)



PokerStars Zoom Hand #257711199125:  Hold'em No Limit (100/200) - 2025/09/12 11:34:52 CET [2025/09/12 5:34:52 ET]
Table 'NLHE 100/200 6 Max' 6-max Seat #1 is the button
Seat 1: tomunas (29199 in chips) 
Seat 2: jetmanone (19800 in chips) 
Seat 3: pipinoelbreve9 (38617 in chips) 
Seat 4: pronerd1967 (49275 in chips) 
Seat 5: raduconst115 (40765 in chips) 
Seat 6: BeG0odPlayBad (10622 in chips) 
jetmanone: posts small blind 100
pipinoelbreve9: posts big blind 200
*** HOLE CARDS ***
Dealt to pipinoelbreve9 [9c 8s]
pronerd1967: calls 200
raduconst115: folds 
BeG0odPlayBad: folds 
tomunas: folds 
jetmanone: folds 
pipinoelbreve9: checks 
*** FLOP *** [6c 4c As]
pipinoelbreve9: checks 
pronerd1967: checks 
*** TURN *** [6c 4c As] [7d]
pipinoelbreve9: bets 236
pronerd1967: folds 
Uncalled bet (236) returned to pipinoelbreve9
pipinoelbreve9 collected 472 from pot
pipinoelbreve9: doesn't show hand 
*** SUMMARY ***
Total pot 500 | Rake 28 
Board [6c 4c As 7d]
Seat 1: tomunas (button) folded before Flop (didn't bet)
Seat 2: jetmanone (small blind) folded before Flop
Seat 3: pipinoelbreve9 (big blind) collected (472)
Seat 4: pronerd1967 folded on the Turn
Seat 5: raduconst115 folded before Flop (didn't bet)
Seat 6: BeG0odPlayBad folded before Flop (didn't bet)



PokerStars Zoom Hand #257711201284:  Hold'em No Limit (100/200) - 2025/09/12 11:35:17 CET [2025/09/12 5:35:17 ET]
Table 'NLHE 100/200 6 Max' 6-max Seat #1 is the button
Seat 1: AE63 (21798 in chips) 
Seat 2: pipinoelbreve9 (38889 in chips) 
Seat 3: patriciaAR (16259 in chips) 
Seat 4: slbenfica385 (18833 in chips) 
Seat 5: pronerd1967 (49075 in chips) 
Seat 6: Cassandre710 (18972 in chips) 
pipinoelbreve9: posts small blind 100
patriciaAR: posts big blind 200
*** HOLE CARDS ***
Dealt to pipinoelbreve9 [Tc 7h]
slbenfica385: calls 200
pronerd1967: calls 200
Cassandre710: calls 200
AE63: calls 200
pipinoelbreve9: folds 
patriciaAR: checks 
*** FLOP *** [7s 2d 6h]
patriciaAR: checks 
slbenfica385: checks 
pronerd1967: checks 
Cassandre710: checks 
AE63: checks 
*** TURN *** [7s 2d 6h] [4h]
patriciaAR: checks 
slbenfica385: checks 
pronerd1967: checks 
Cassandre710: checks 
AE63: checks 
*** RIVER *** [7s 2d 6h 4h] [7c]
patriciaAR: checks 
slbenfica385: checks 
pronerd1967: bets 200
Cassandre710: folds 
AE63: folds 
patriciaAR: folds 
slbenfica385: folds 
Uncalled bet (200) returned to pronerd1967
pronerd1967 collected 1039 from pot
pronerd1967: doesn't show hand 
*** SUMMARY ***
Total pot 1100 | Rake 61 
Board [7s 2d 6h 4h 7c]
Seat 1: AE63 (button) folded on the River
Seat 2: pipinoelbreve9 (small blind) folded before Flop
Seat 3: patriciaAR (big blind) folded on the River
Seat 4: slbenfica385 folded on the River
Seat 5: pronerd1967 collected (1039)
Seat 6: Cassandre710 folded on the River



PokerStars Zoom Hand #257711201831:  Hold'em No Limit (100/200) - 2025/09/12 11:35:23 CET [2025/09/12 5:35:23 ET]
Table 'NLHE 100/200 6 Max' 6-max Seat #1 is the button
Seat 1: aveo10 (69022 in chips) 
Seat 2: nozmos (44460 in chips) 
Seat 3: ribero196 (35923 in chips) 
Seat 4: TyConJen (7600 in chips) 
Seat 5: pipinoelbreve9 (38789 in chips) 
Seat 6: Ship0007 (39821 in chips) 
nozmos: posts small blind 100
ribero196: posts big blind 200
*** HOLE CARDS ***
Dealt to pipinoelbreve9 [3c Jd]
TyConJen: folds 
pipinoelbreve9: folds 
Ship0007: folds 
aveo10: folds 
nozmos: calls 100
ribero196: checks 
*** FLOP *** [6d 3s Ah]
nozmos: checks 
ribero196: checks 
*** TURN *** [6d 3s Ah] [4h]
nozmos: checks 
ribero196: checks 
*** RIVER *** [6d 3s Ah 4h] [Kc]
nozmos: checks 
ribero196: checks 
*** SHOW DOWN ***
nozmos: shows [2c 2h] (a pair of Deuces)
ribero196: shows [3d 8s] (a pair of Threes)
ribero196 collected 378 from pot
*** SUMMARY ***
Total pot 400 | Rake 22 
Board [6d 3s Ah 4h Kc]
Seat 1: aveo10 (button) folded before Flop (didn't bet)
Seat 2: nozmos (small blind) showed [2c 2h] and lost with a pair of Deuces
Seat 3: ribero196 (big blind) showed [3d 8s] and won (378) with a pair of Threes
Seat 4: TyConJen folded before Flop (didn't bet)
Seat 5: pipinoelbreve9 folded before Flop (didn't bet)
Seat 6: Ship0007 folded before Flop (didn't bet)



PokerStars Zoom Hand #257711201556:  Hold'em No Limit (100/200) - 2025/09/12 11:35:20 CET [2025/09/12 5:35:20 ET]
Table 'NLHE 100/200 6 Max' 6-max Seat #1 is the button
Seat 1: pipinoelbreve9 (38789 in chips) 
Seat 2: D.Robert3420 (7800 in chips) 
Seat 3: jetmanone (19700 in chips) 
Seat 4: andy1175 (26131 in chips) 
Seat 5: frank69xx (16396 in chips) 
Seat 6: Finesvas (13068 in chips) 
D.Robert3420: posts small blind 100
jetmanone: posts big blind 200
*** HOLE CARDS ***
Dealt to pipinoelbreve9 [2c 8c]
andy1175: calls 200
frank69xx: folds 
Finesvas: folds 
pipinoelbreve9: folds 
D.Robert3420: folds 
jetmanone: checks 
*** FLOP *** [Kc Ts 7s]
jetmanone: bets 200
andy1175: calls 200
*** TURN *** [Kc Ts 7s] [3s]
jetmanone: bets 200
andy1175: calls 200
*** RIVER *** [Kc Ts 7s 3s] [7c]
jetmanone: checks 
andy1175: bets 1228
jetmanone: folds 
Uncalled bet (1228) returned to andy1175
andy1175 collected 1228 from pot
andy1175: doesn't show hand 
*** SUMMARY ***
Total pot 1300 | Rake 72 
Board [Kc Ts 7s 3s 7c]
Seat 1: pipinoelbreve9 (button) folded before Flop (didn't bet)
Seat 2: D.Robert3420 (small blind) folded before Flop
Seat 3: jetmanone (big blind) folded on the River
Seat 4: andy1175 collected (1228)
Seat 5: frank69xx folded before Flop (didn't bet)
Seat 6: Finesvas folded before Flop (didn't bet)



PokerStars Zoom Hand #257711202823:  Hold'em No Limit (100/200) - 2025/09/12 11:35:35 CET [2025/09/12 5:35:35 ET]
Table 'NLHE 100/200 6 Max' 6-max Seat #1 is the button
Seat 1: LioRefo (18300 in chips) 
Seat 2: King_tama001 (8000 in chips) 
Seat 3: pipinoelbreve9 (38689 in chips) 
Seat 4: chewbalder (89826 in chips) 
Seat 5: pucap (51736 in chips) 
Seat 6: germain300 (10045 in chips) 
King_tama001: posts small blind 100
pipinoelbreve9: posts big blind 200
*** HOLE CARDS ***
Dealt to pipinoelbreve9 [Kd Qc]
chewbalder: calls 200
pucap: calls 200
germain300: folds 
LioRefo: folds 
King_tama001: folds 
pipinoelbreve9: raises 800 to 1000
chewbalder: calls 800
pucap: folds 
*** FLOP *** [9d Kc 9h]
pipinoelbreve9: bets 886
chewbalder: folds 
Uncalled bet (886) returned to pipinoelbreve9
pipinoelbreve9 collected 2173 from pot
pipinoelbreve9: doesn't show hand 
*** SUMMARY ***
Total pot 2300 | Rake 127 
Board [9d Kc 9h]
Seat 1: LioRefo (button) folded before Flop (didn't bet)
Seat 2: King_tama001 (small blind) folded before Flop
Seat 3: pipinoelbreve9 (big blind) collected (2173)
Seat 4: chewbalder folded on the Flop
Seat 5: pucap folded before Flop
Seat 6: germain300 folded before Flop (didn't bet)



PokerStars Zoom Hand #257711202193:  Hold'em No Limit (100/200) - 2025/09/12 11:35:27 CET [2025/09/12 5:35:27 ET]
Table 'NLHE 100/200 6 Max' 6-max Seat #1 is the button
Seat 1: Mr.Samuell (20299 in chips) 
Seat 2: TyConJen (7600 in chips) 
Seat 3: frank69xx (16396 in chips) 
Seat 4: pipinoelbreve9 (38789 in chips) 
Seat 5: raduconst115 (40865 in chips) 
Seat 6: Drac6114 (47049 in chips) 
TyConJen: posts small blind 100
frank69xx: posts big blind 200
*** HOLE CARDS ***
Dealt to pipinoelbreve9 [Ac 2s]
pipinoelbreve9: folds 
raduconst115: calls 200
Drac6114: calls 200
Mr.Samuell: calls 200
TyConJen: calls 100
frank69xx: checks 
*** FLOP *** [7d Qd 6h]
TyConJen: checks 
frank69xx: checks 
raduconst115: bets 945
Drac6114: calls 945
Mr.Samuell: raises 1055 to 2000
TyConJen: folds 
frank69xx: folds 
raduconst115: raises 38665 to 40665 and is all-in
Drac6114: folds 
Mr.Samuell: calls 18099 and is all-in
Uncalled bet (20566) returned to raduconst115
*** TURN *** [7d Qd 6h] [Ks]
*** RIVER *** [7d Qd 6h Ks] [Tc]
*** SHOW DOWN ***
raduconst115: shows [7h 7c] (three of a kind, Sevens)
Mr.Samuell: shows [Qh 6c] (two pair, Queens and Sixes)
raduconst115 collected 39825 from pot
*** SUMMARY ***
Total pot 42143 | Rake 2318 
Board [7d Qd 6h Ks Tc]
Seat 1: Mr.Samuell (button) showed [Qh 6c] and lost with two pair, Queens and Sixes
Seat 2: TyConJen (small blind) folded on the Flop
Seat 3: frank69xx (big blind) folded on the Flop
Seat 4: pipinoelbreve9 folded before Flop (didn't bet)
Seat 5: raduconst115 showed [7h 7c] and won (39825) with three of a kind, Sevens
Seat 6: Drac6114 folded on the Flop



PokerStars Zoom Hand #257711204940:  Hold'em No Limit (100/200) - 2025/09/12 11:35:59 CET [2025/09/12 5:35:59 ET]
Table 'NLHE 100/200 6 Max' 6-max Seat #1 is the button
Seat 1: pipinoelbreve9 (39862 in chips) 
Seat 2: Ship0007 (39621 in chips) 
Seat 3: LIFE109 (29297 in chips) 
Seat 4: Drac6114 (45904 in chips) 
Seat 5: JeffL49ers (77365 in chips) 
Seat 6: chewbalder (88826 in chips) 
Ship0007: posts small blind 100
LIFE109: posts big blind 200
*** HOLE CARDS ***
Dealt to pipinoelbreve9 [6s 7h]
Drac6114: folds 
JeffL49ers: folds 
chewbalder: folds 
pipinoelbreve9: folds 
Ship0007: folds 
Uncalled bet (100) returned to LIFE109
LIFE109 collected 200 from pot
LIFE109: doesn't show hand 
*** SUMMARY ***
Total pot 200 | Rake 0 
Seat 1: pipinoelbreve9 (button) folded before Flop (didn't bet)
Seat 2: Ship0007 (small blind) folded before Flop
Seat 3: LIFE109 (big blind) collected (200)
Seat 4: Drac6114 folded before Flop (didn't bet)
Seat 5: JeffL49ers folded before Flop (didn't bet)
Seat 6: chewbalder folded before Flop (didn't bet)



PokerStars Zoom Hand #257711202484:  Hold'em No Limit (100/200) - 2025/09/12 11:35:30 CET [2025/09/12 5:35:30 ET]
Table 'NLHE 100/200 6 Max' 6-max Seat #1 is the button
Seat 1: SnapCall36 (88033 in chips) 
Seat 2: pipinoelbreve9 (38789 in chips) 
Seat 3: aveo10 (69022 in chips) 
Seat 4: Ship0007 (39821 in chips) 
Seat 5: LioRefo (18300 in chips) 
Seat 6: zinc92 (5213 in chips) 
pipinoelbreve9: posts small blind 100
aveo10: posts big blind 200
*** HOLE CARDS ***
Dealt to pipinoelbreve9 [Jh 6d]
Ship0007: folds 
LioRefo: folds 
zinc92: calls 200
SnapCall36: calls 200
pipinoelbreve9: folds 
aveo10: checks 
*** FLOP *** [7d Qs Th]
aveo10: checks 
zinc92: checks 
SnapCall36: checks 
*** TURN *** [7d Qs Th] [3c]
aveo10: checks 
zinc92: checks 
SnapCall36: checks 
*** RIVER *** [7d Qs Th 3c] [9h]
aveo10: checks 
zinc92: checks 
SnapCall36: checks 
*** SHOW DOWN ***
aveo10: shows [2c 4d] (high card Queen)
zinc92: shows [Qd 2d] (a pair of Queens)
SnapCall36: shows [Td Jc] (a pair of Tens)
zinc92 collected 661 from pot
*** SUMMARY ***
Total pot 700 | Rake 39 
Board [7d Qs Th 3c 9h]
Seat 1: SnapCall36 (button) showed [Td Jc] and lost with a pair of Tens
Seat 2: pipinoelbreve9 (small blind) folded before Flop
Seat 3: aveo10 (big blind) showed [2c 4d] and lost with high card Queen
Seat 4: Ship0007 folded before Flop (didn't bet)
Seat 5: LioRefo folded before Flop (didn't bet)
Seat 6: zinc92 showed [Qd 2d] and won (661) with a pair of Queens



PokerStars Zoom Hand #257711205412:  Hold'em No Limit (100/200) - 2025/09/12 11:36:04 CET [2025/09/12 5:36:04 ET]
Table 'NLHE 100/200 6 Max' 6-max Seat #1 is the button
Seat 1: LioRefo (18000 in chips) 
Seat 2: Drac6114 (45904 in chips) 
Seat 3: TheBusyGuy (20962 in chips) 
Seat 4: perladora127 (57479 in chips) 
Seat 5: Cassandre710 (18772 in chips) 
Seat 6: pipinoelbreve9 (39862 in chips) 
Drac6114: posts small blind 100
TheBusyGuy: posts big blind 200
*** HOLE CARDS ***
Dealt to pipinoelbreve9 [Js 6s]
perladora127: folds 
Cassandre710: folds 
pipinoelbreve9: folds 
LioRefo: raises 200 to 400
Drac6114: calls 300
TheBusyGuy: folds 
*** FLOP *** [2s 9d 3c]
Drac6114: checks 
LioRefo: checks 
*** TURN *** [2s 9d 3c] [8h]
Drac6114: checks 
LioRefo: checks 
*** RIVER *** [2s 9d 3c 8h] [Tc]
Drac6114: checks 
LioRefo: checks 
*** SHOW DOWN ***
Drac6114: shows [5s 4s] (high card Ten)
LioRefo: shows [6h Kd] (high card King)
LioRefo collected 945 from pot
*** SUMMARY ***
Total pot 1000 | Rake 55 
Board [2s 9d 3c 8h Tc]
Seat 1: LioRefo (button) showed [6h Kd] and won (945) with high card King
Seat 2: Drac6114 (small blind) showed [5s 4s] and lost with high card Ten
Seat 3: TheBusyGuy (big blind) folded before Flop
Seat 4: perladora127 folded before Flop (didn't bet)
Seat 5: Cassandre710 folded before Flop (didn't bet)
Seat 6: pipinoelbreve9 folded before Flop (didn't bet)



PokerStars Zoom Hand #257711205871:  Hold'em No Limit (100/200) - 2025/09/12 11:36:09 CET [2025/09/12 5:36:09 ET]
Table 'NLHE 100/200 6 Max' 6-max Seat #1 is the button
Seat 1: Ship0007 (39521 in chips) 
Seat 2: Bulldog475 (113851 in chips) 
Seat 3: Bodo570 (23037 in chips) 
Seat 4: JeffL49ers (77365 in chips) 
Seat 5: pipinoelbreve9 (39862 in chips) 
Seat 6: perladora127 (57479 in chips) 
Bulldog475: posts small blind 100
Bodo570: posts big blind 200
*** HOLE CARDS ***
Dealt to pipinoelbreve9 [Ks Qh]
JeffL49ers: raises 200 to 400
pipinoelbreve9: raises 1000 to 1400
perladora127: folds 
Ship0007: folds 
Bulldog475: folds 
Bodo570: calls 1200
JeffL49ers: calls 1000
*** FLOP *** [2s 7c Ad]
Bodo570: checks 
JeffL49ers: checks 
pipinoelbreve9: bets 1431
Bodo570: calls 1431
JeffL49ers: folds 
*** TURN *** [2s 7c Ad] [Qc]
Bodo570: checks 
pipinoelbreve9: checks 
*** RIVER *** [2s 7c Ad Qc] [5h]
Bodo570: checks 
pipinoelbreve9: bets 3384
Bodo570: calls 3384
*** SHOW DOWN ***
pipinoelbreve9: shows [Ks Qh] (a pair of Queens)
Bodo570: shows [Kc Ah] (a pair of Aces)
Bodo570 collected 13164 from pot
*** SUMMARY ***
Total pot 13930 | Rake 766 
Board [2s 7c Ad Qc 5h]
Seat 1: Ship0007 (button) folded before Flop (didn't bet)
Seat 2: Bulldog475 (small blind) folded before Flop
Seat 3: Bodo570 (big blind) showed [Kc Ah] and won (13164) with a pair of Aces
Seat 4: JeffL49ers folded on the Flop
Seat 5: pipinoelbreve9 showed [Ks Qh] and lost with a pair of Queens
Seat 6: perladora127 folded before Flop (didn't bet)



PokerStars Zoom Hand #257711209754:  Hold'em No Limit (100/200) - 2025/09/12 11:36:53 CET [2025/09/12 5:36:53 ET]
Table 'NLHE 100/200 6 Max' 6-max Seat #1 is the button
Seat 1: pipinoelbreve9 (33647 in chips) 
Seat 2: olejock (20995 in chips) 
Seat 3: Jtina (24434 in chips) 
Seat 4: Unnon4000 (10900 in chips) 
Seat 5: wolfygolfer (20045 in chips) 
Seat 6: RadoRay (12159 in chips) 
olejock: posts small blind 100
Jtina: posts big blind 200
*** HOLE CARDS ***
Dealt to pipinoelbreve9 [4d 4c]
Unnon4000: folds 
wolfygolfer: folds 
RadoRay: folds 
pipinoelbreve9: raises 400 to 600
olejock: folds 
Jtina: calls 400
*** FLOP *** [5h 2d 3d]
Jtina: checks 
pipinoelbreve9: bets 614
Jtina: folds 
Uncalled bet (614) returned to pipinoelbreve9
pipinoelbreve9 collected 1228 from pot
pipinoelbreve9: doesn't show hand 
*** SUMMARY ***
Total pot 1300 | Rake 72 
Board [5h 2d 3d]
Seat 1: pipinoelbreve9 (button) collected (1228)
Seat 2: olejock (small blind) folded before Flop
Seat 3: Jtina (big blind) folded on the Flop
Seat 4: Unnon4000 folded before Flop (didn't bet)
Seat 5: wolfygolfer folded before Flop (didn't bet)
Seat 6: RadoRay folded before Flop (didn't bet)



PokerStars Zoom Hand #257711209414:  Hold'em No Limit (100/200) - 2025/09/12 11:36:49 CET [2025/09/12 5:36:49 ET]
Table 'NLHE 100/200 6 Max' 6-max Seat #1 is the button
Seat 1: Unnon4000 (10900 in chips) 
Seat 2: RadoRay (12259 in chips) 
Seat 3: perladora127 (58479 in chips) 
Seat 4: pipinoelbreve9 (33647 in chips) 
Seat 5: JollyRoger1982 (9671 in chips) 
Seat 6: Bodo570 (29986 in chips) 
RadoRay: posts small blind 100
perladora127: posts big blind 200
*** HOLE CARDS ***
Dealt to pipinoelbreve9 [5c Jh]
pipinoelbreve9: folds 
JollyRoger1982: raises 200 to 400
Bodo570: calls 400
Unnon4000: folds 
RadoRay: folds 
perladora127: calls 200
*** FLOP *** [9s Qd Jc]
perladora127: checks 
JollyRoger1982: checks 
Bodo570: checks 
*** TURN *** [9s Qd Jc] [7s]
perladora127: checks 
JollyRoger1982: checks 
Bodo570: checks 
*** RIVER *** [9s Qd Jc 7s] [Ks]
perladora127: checks 
JollyRoger1982: checks 
Bodo570: checks 
*** SHOW DOWN ***
perladora127: shows [As 7h] (a pair of Sevens)
JollyRoger1982: mucks hand 
Bodo570: shows [Kh 4d] (a pair of Kings)
Bodo570 collected 1228 from pot
*** SUMMARY ***
Total pot 1300 | Rake 72 
Board [9s Qd Jc 7s Ks]
Seat 1: Unnon4000 (button) folded before Flop (didn't bet)
Seat 2: RadoRay (small blind) folded before Flop
Seat 3: perladora127 (big blind) showed [As 7h] and lost with a pair of Sevens
Seat 4: pipinoelbreve9 folded before Flop (didn't bet)
Seat 5: JollyRoger1982 mucked [6h 6s]
Seat 6: Bodo570 showed [Kh 4d] and won (1228) with a pair of Kings



PokerStars Zoom Hand #257711212401:  Hold'em No Limit (100/200) - 2025/09/12 11:37:23 CET [2025/09/12 5:37:23 ET]
Table 'NLHE 100/200 6 Max' 6-max Seat #1 is the button
Seat 1: szabi5555 (17918 in chips) 
Seat 2: Jade4444 (18801 in chips) 
Seat 3: pipinoelbreve9 (34275 in chips) 
Seat 4: SirFeliceFis (39962 in chips) 
Seat 5: ACP2012 (29075 in chips) 
Seat 6: aveo10 (68622 in chips) 
Jade4444: posts small blind 100
pipinoelbreve9: posts big blind 200
*** HOLE CARDS ***
Dealt to pipinoelbreve9 [9c Jc]
SirFeliceFis: folds 
ACP2012: calls 200
aveo10: folds 
szabi5555: folds 
Jade4444: folds 
pipinoelbreve9: raises 400 to 600
ACP2012: calls 400
*** FLOP *** [6h 2c 5d]
pipinoelbreve9: checks 
ACP2012: checks 
*** TURN *** [6h 2c 5d] [Ks]
pipinoelbreve9: bets 614
ACP2012: calls 614
*** RIVER *** [6h 2c 5d Ks] [Tc]
pipinoelbreve9: checks 
ACP2012: checks 
*** SHOW DOWN ***
pipinoelbreve9: shows [9c Jc] (high card King)
ACP2012: shows [Ac 4s] (high card Ace)
ACP2012 collected 2389 from pot
*** SUMMARY ***
Total pot 2528 | Rake 139 
Board [6h 2c 5d Ks Tc]
Seat 1: szabi5555 (button) folded before Flop (didn't bet)
Seat 2: Jade4444 (small blind) folded before Flop
Seat 3: pipinoelbreve9 (big blind) showed [9c Jc] and lost with high card King
Seat 4: SirFeliceFis folded before Flop (didn't bet)
Seat 5: ACP2012 showed [Ac 4s] and won (2389) with high card Ace
Seat 6: aveo10 folded before Flop (didn't bet)



PokerStars Zoom Hand #257711216787:  Hold'em No Limit (100/200) - 2025/09/12 11:38:12 CET [2025/09/12 5:38:12 ET]
Table 'NLHE 100/200 6 Max' 6-max Seat #1 is the button
Seat 1: Billphotoman (48880 in chips) 
Seat 2: icanplay1985 (20500 in chips) 
Seat 3: AE63 (20698 in chips) 
Seat 4: ribero196 (35373 in chips) 
Seat 5: Bulldog475 (114924 in chips) 
Seat 6: pipinoelbreve9 (32961 in chips) 
icanplay1985: posts small blind 100
AE63: posts big blind 200
*** HOLE CARDS ***
Dealt to pipinoelbreve9 [5d 2s]
ribero196: calls 200
Bulldog475: calls 200
pipinoelbreve9: folds 
Billphotoman: folds 
icanplay1985: folds 
AE63: checks 
*** FLOP *** [Kc 9h 5h]
AE63: checks 
ribero196: bets 600
Bulldog475: folds 
AE63: folds 
Uncalled bet (600) returned to ribero196
ribero196 collected 661 from pot
ribero196: doesn't show hand 
*** SUMMARY ***
Total pot 700 | Rake 39 
Board [Kc 9h 5h]
Seat 1: Billphotoman (button) folded before Flop (didn't bet)
Seat 2: icanplay1985 (small blind) folded before Flop
Seat 3: AE63 (big blind) folded on the Flop
Seat 4: ribero196 collected (661)
Seat 5: Bulldog475 folded on the Flop
Seat 6: pipinoelbreve9 folded before Flop (didn't bet)



PokerStars Zoom Hand #257711217818:  Hold'em No Limit (100/200) - 2025/09/12 11:38:24 CET [2025/09/12 5:38:24 ET]
Table 'NLHE 100/200 6 Max' 6-max Seat #1 is the button
Seat 1: Gixxer305IR (20100 in chips) 
Seat 2: AntoniusTecu (14572 in chips) 
Seat 3: LONGBEARD270 (18931 in chips) 
Seat 4: pipinoelbreve9 (32961 in chips) 
Seat 5: Billphotoman (48880 in chips) 
Seat 6: icanplay1985 (20400 in chips) 
AntoniusTecu: posts small blind 100
LONGBEARD270: posts big blind 200
*** HOLE CARDS ***
Dealt to pipinoelbreve9 [5d 6h]
pipinoelbreve9: folds 
Billphotoman: folds 
icanplay1985: raises 500 to 700
Gixxer305IR: folds 
AntoniusTecu: folds 
LONGBEARD270: calls 500
*** FLOP *** [5s 4s 8s]
LONGBEARD270: checks 
icanplay1985: bets 1417
LONGBEARD270: folds 
Uncalled bet (1417) returned to icanplay1985
icanplay1985 collected 1417 from pot
icanplay1985: doesn't show hand 
*** SUMMARY ***
Total pot 1500 | Rake 83 
Board [5s 4s 8s]
Seat 1: Gixxer305IR (button) folded before Flop (didn't bet)
Seat 2: AntoniusTecu (small blind) folded before Flop
Seat 3: LONGBEARD270 (big blind) folded on the Flop
Seat 4: pipinoelbreve9 folded before Flop (didn't bet)
Seat 5: Billphotoman folded before Flop (didn't bet)
Seat 6: icanplay1985 collected (1417)



PokerStars Zoom Hand #257711216417:  Hold'em No Limit (100/200) - 2025/09/12 11:38:08 CET [2025/09/12 5:38:08 ET]
Table 'NLHE 100/200 6 Max' 6-max Seat #1 is the button
Seat 1: Juggs2 (25349 in chips) 
Seat 2: pipinoelbreve9 (33061 in chips) 
Seat 3: germain300 (6891 in chips) 
Seat 4: szabi5555 (14442 in chips) 
Seat 5: dogfan1938 (22722 in chips) 
Seat 6: SirFeliceFis (39762 in chips) 
pipinoelbreve9: posts small blind 100
germain300: posts big blind 200
*** HOLE CARDS ***
Dealt to pipinoelbreve9 [2c 4s]
szabi5555: raises 200 to 400
dogfan1938: calls 400
SirFeliceFis: calls 400
Juggs2: calls 400
pipinoelbreve9: folds 
germain300: folds 
*** FLOP *** [Kd 7s 6h]
szabi5555: checks 
dogfan1938: checks 
SirFeliceFis: bets 400
Juggs2: calls 400
szabi5555: folds 
dogfan1938: folds 
*** TURN *** [Kd 7s 6h] [Kc]
SirFeliceFis: bets 600
Juggs2: folds 
Uncalled bet (600) returned to SirFeliceFis
SirFeliceFis collected 2551 from pot
SirFeliceFis: doesn't show hand 
*** SUMMARY ***
Total pot 2700 | Rake 149 
Board [Kd 7s 6h Kc]
Seat 1: Juggs2 (button) folded on the Turn
Seat 2: pipinoelbreve9 (small blind) folded before Flop
Seat 3: germain300 (big blind) folded before Flop
Seat 4: szabi5555 folded on the Flop
Seat 5: dogfan1938 folded on the Flop
Seat 6: SirFeliceFis collected (2551)



PokerStars Zoom Hand #257711217222:  Hold'em No Limit (100/200) - 2025/09/12 11:38:17 CET [2025/09/12 5:38:17 ET]
Table 'NLHE 100/200 6 Max' 6-max Seat #1 is the button
Seat 1: icanplay1985 (20400 in chips) 
Seat 2: germain300 (6691 in chips) 
Seat 3: matokez2443 (20000 in chips) 
Seat 4: pipinoelbreve9 (32961 in chips) 
Seat 5: bestservi111 (32017 in chips) 
Seat 6: Finesvas (12224 in chips) 
germain300: posts small blind 100
matokez2443: posts big blind 200
*** HOLE CARDS ***
Dealt to pipinoelbreve9 [4c 2h]
pipinoelbreve9: folds 
bestservi111: calls 200
Finesvas: folds 
icanplay1985: folds 
germain300: folds 
matokez2443: raises 200 to 400
bestservi111: calls 200
*** FLOP *** [3h Js Ah]
matokez2443: bets 200
bestservi111: calls 200
*** TURN *** [3h Js Ah] [Kh]
matokez2443: bets 200
bestservi111: raises 800 to 1000
matokez2443: raises 18400 to 19400 and is all-in
bestservi111: calls 18400
*** RIVER *** [3h Js Ah Kh] [4h]
*** SHOW DOWN ***
matokez2443: shows [5s Qd] (high card Ace)
bestservi111: shows [6c As] (a pair of Aces)
bestservi111 collected 37894 from pot
*** SUMMARY ***
Total pot 40100 | Rake 2206 
Board [3h Js Ah Kh 4h]
Seat 1: icanplay1985 (button) folded before Flop (didn't bet)
Seat 2: germain300 (small blind) folded before Flop
Seat 3: matokez2443 (big blind) showed [5s Qd] and lost with high card Ace
Seat 4: pipinoelbreve9 folded before Flop (didn't bet)
Seat 5: bestservi111 showed [6c As] and won (37894) with a pair of Aces
Seat 6: Finesvas folded before Flop (didn't bet)



PokerStars Zoom Hand #257711218062:  Hold'em No Limit (100/200) - 2025/09/12 11:38:27 CET [2025/09/12 5:38:27 ET]
Table 'NLHE 100/200 6 Max' 6-max Seat #1 is the button
Seat 1: wolfygolfer (19545 in chips) 
Seat 2: pipinoelbreve9 (32961 in chips) 
Seat 3: ONYA M8 (8000 in chips) 
Seat 4: germain300 (6591 in chips) 
Seat 5: bridgefan920 (38620 in chips) 
Seat 6: tomunas (25871 in chips) 
pipinoelbreve9: posts small blind 100
ONYA M8: posts big blind 200
*** HOLE CARDS ***
Dealt to pipinoelbreve9 [Ad 9h]
germain300: calls 200
bridgefan920: folds 
tomunas: folds 
wolfygolfer: folds 
pipinoelbreve9: raises 800 to 1000
ONYA M8: calls 800
germain300: calls 800
*** FLOP *** [5h 8h Jc]
pipinoelbreve9: bets 1217
ONYA M8: raises 5783 to 7000 and is all-in
germain300: folds 
pipinoelbreve9: calls 5783
*** TURN *** [5h 8h Jc] [6c]
*** RIVER *** [5h 8h Jc 6c] [7d]
*** SHOW DOWN ***
pipinoelbreve9: shows [Ad 9h] (a straight, Five to Nine)
ONYA M8: shows [Kh Qh] (high card King)
pipinoelbreve9 collected 16065 from pot
*** SUMMARY ***
Total pot 17000 | Rake 935 
Board [5h 8h Jc 6c 7d]
Seat 1: wolfygolfer (button) folded before Flop (didn't bet)
Seat 2: pipinoelbreve9 (small blind) showed [Ad 9h] and won (16065) with a straight, Five to Nine
Seat 3: ONYA M8 (big blind) showed [Kh Qh] and lost with high card King
Seat 4: germain300 folded on the Flop
Seat 5: bridgefan920 folded before Flop (didn't bet)
Seat 6: tomunas folded before Flop (didn't bet)



PokerStars Zoom Hand #257711222674:  Hold'em No Limit (100/200) - 2025/09/12 11:39:19 CET [2025/09/12 5:39:19 ET]
Table 'NLHE 100/200 6 Max' 6-max Seat #1 is the button
Seat 1: ribero196 (35634 in chips) 
Seat 2: perladora127 (59052 in chips) 
Seat 3: Royal783 (31615 in chips) 
Seat 4: icanplay1985 (19517 in chips) 
Seat 5: pipinoelbreve9 (40826 in chips) 
Seat 6: TheBusyGuy (20934 in chips) 
perladora127: posts small blind 100
Royal783: posts big blind 200
*** HOLE CARDS ***
Dealt to pipinoelbreve9 [Jc 2c]
icanplay1985: folds 
pipinoelbreve9: folds 
TheBusyGuy: folds 
ribero196: folds 
perladora127: calls 100
Royal783: checks 
*** FLOP *** [3d Qs Ah]
perladora127: bets 378
Royal783: folds 
Uncalled bet (378) returned to perladora127
perladora127 collected 378 from pot
perladora127: doesn't show hand 
*** SUMMARY ***
Total pot 400 | Rake 22 
Board [3d Qs Ah]
Seat 1: ribero196 (button) folded before Flop (didn't bet)
Seat 2: perladora127 (small blind) collected (378)
Seat 3: Royal783 (big blind) folded on the Flop
Seat 4: icanplay1985 folded before Flop (didn't bet)
Seat 5: pipinoelbreve9 folded before Flop (didn't bet)
Seat 6: TheBusyGuy folded before Flop (didn't bet)



PokerStars Zoom Hand #257711221888:  Hold'em No Limit (100/200) - 2025/09/12 11:39:10 CET [2025/09/12 5:39:10 ET]
Table 'NLHE 100/200 6 Max' 6-max Seat #1 is the button
Seat 1: TheBusyGuy (20934 in chips) 
Seat 2: LIFE109 (22856 in chips) 
Seat 3: pipinoelbreve9 (41026 in chips) 
Seat 4: szabi5555 (36289 in chips) 
Seat 5: Lilo Malinois (19319 in chips) 
Seat 6: LONGBEARD270 (18131 in chips) 
LIFE109: posts small blind 100
pipinoelbreve9: posts big blind 200
*** HOLE CARDS ***
Dealt to pipinoelbreve9 [4s 5d]
szabi5555: raises 200 to 400
Lilo Malinois: raises 600 to 1000
LONGBEARD270: folds 
TheBusyGuy: folds 
LIFE109: folds 
pipinoelbreve9: folds 
szabi5555: calls 600
*** FLOP *** [Ks Td 7s]
szabi5555: checks 
Lilo Malinois: bets 2000
szabi5555: calls 2000
*** TURN *** [Ks Td 7s] [7h]
szabi5555: checks 
Lilo Malinois: bets 2000
szabi5555: calls 2000
*** RIVER *** [Ks Td 7s 7h] [8d]
szabi5555: checks 
Lilo Malinois: bets 10000
szabi5555: calls 10000
*** SHOW DOWN ***
Lilo Malinois: shows [Kh Tc] (two pair, Kings and Tens)
szabi5555: mucks hand 
Lilo Malinois collected 28633 from pot
*** SUMMARY ***
Total pot 30300 | Rake 1667 
Board [Ks Td 7s 7h 8d]
Seat 1: TheBusyGuy (button) folded before Flop (didn't bet)
Seat 2: LIFE109 (small blind) folded before Flop
Seat 3: pipinoelbreve9 (big blind) folded before Flop
Seat 4: szabi5555 mucked [Kd Qd]
Seat 5: Lilo Malinois showed [Kh Tc] and won (28633) with two pair, Kings and Tens
Seat 6: LONGBEARD270 folded before Flop (didn't bet)



PokerStars Zoom Hand #257711224110:  Hold'em No Limit (100/200) - 2025/09/12 11:39:36 CET [2025/09/12 5:39:36 ET]
Table 'NLHE 100/200 6 Max' 6-max Seat #1 is the button
Seat 1: QueenOPots (14640 in chips) 
Seat 2: chewbalder (70644 in chips) 
Seat 3: pipinoelbreve9 (40826 in chips) 
Seat 4: MrD 155 (30950 in chips) 
Seat 5: jerryshow251 (15754 in chips) 
Seat 6: andy1175 (25216 in chips) 
chewbalder: posts small blind 100
pipinoelbreve9: posts big blind 200
*** HOLE CARDS ***
Dealt to pipinoelbreve9 [9d 3s]
MrD 155: folds 
jerryshow251: calls 200
andy1175: calls 200
QueenOPots: folds 
chewbalder: calls 100
pipinoelbreve9: checks 
*** FLOP *** [2d Tc 4d]
chewbalder: bets 756
pipinoelbreve9: folds 
jerryshow251: folds 
andy1175: folds 
Uncalled bet (756) returned to chewbalder
chewbalder collected 756 from pot
chewbalder: doesn't show hand 
*** SUMMARY ***
Total pot 800 | Rake 44 
Board [2d Tc 4d]
Seat 1: QueenOPots (button) folded before Flop (didn't bet)
Seat 2: chewbalder (small blind) collected (756)
Seat 3: pipinoelbreve9 (big blind) folded on the Flop
Seat 4: MrD 155 folded before Flop (didn't bet)
Seat 5: jerryshow251 folded on the Flop
Seat 6: andy1175 folded on the Flop



PokerStars Zoom Hand #257711223225:  Hold'em No Limit (100/200) - 2025/09/12 11:39:26 CET [2025/09/12 5:39:26 ET]
Table 'NLHE 100/200 6 Max' 6-max Seat #1 is the button
Seat 1: rosco2929 (30817 in chips) 
Seat 2: erikamama67 (15141 in chips) 
Seat 3: TheBusyGuy (20934 in chips) 
Seat 4: LONGBEARD270 (18131 in chips) 
Seat 5: pipinoelbreve9 (40826 in chips) 
Seat 6: Jade4444 (20488 in chips) 
erikamama67: posts small blind 100
TheBusyGuy: posts big blind 200
*** HOLE CARDS ***
Dealt to pipinoelbreve9 [6h Qh]
LONGBEARD270: folds 
pipinoelbreve9: folds 
Jade4444: calls 200
rosco2929: raises 200 to 400
erikamama67: folds 
TheBusyGuy: raises 1600 to 2000
Jade4444: folds 
rosco2929: calls 1600
*** FLOP *** [7h 2s 6s]
TheBusyGuy: bets 2000
rosco2929: calls 2000
*** TURN *** [7h 2s 6s] [5d]
TheBusyGuy: bets 2000
rosco2929: raises 24817 to 26817 and is all-in
TheBusyGuy: calls 14934 and is all-in
Uncalled bet (9883) returned to rosco2929
*** RIVER *** [7h 2s 6s 5d] [3s]
*** SHOW DOWN ***
TheBusyGuy: shows [Kc Ah] (high card Ace)
rosco2929: shows [3c 3h] (three of a kind, Threes)
rosco2929 collected 39849 from pot
*** SUMMARY ***
Total pot 42168 | Rake 2319 
Board [7h 2s 6s 5d 3s]
Seat 1: rosco2929 (button) showed [3c 3h] and won (39849) with three of a kind, Threes
Seat 2: erikamama67 (small blind) folded before Flop
Seat 3: TheBusyGuy (big blind) showed [Kc Ah] and lost with high card Ace
Seat 4: LONGBEARD270 folded before Flop (didn't bet)
Seat 5: pipinoelbreve9 folded before Flop (didn't bet)
Seat 6: Jade4444 folded before Flop



PokerStars Zoom Hand #257711222314:  Hold'em No Limit (100/200) - 2025/09/12 11:39:15 CET [2025/09/12 5:39:15 ET]
Table 'NLHE 100/200 6 Max' 6-max Seat #1 is the button
Seat 1: wolfygolfer (19545 in chips) 
Seat 2: KUSKA08 (7800 in chips) 
Seat 3: frank69xx (18058 in chips) 
Seat 4: JeffL49ers (73765 in chips) 
Seat 5: Peplamagic (19721 in chips) 
Seat 6: pipinoelbreve9 (40826 in chips) 
KUSKA08: posts small blind 100
frank69xx: posts big blind 200
*** HOLE CARDS ***
Dealt to pipinoelbreve9 [5c 4s]
JeffL49ers: calls 200
Peplamagic: calls 200
pipinoelbreve9: folds 
wolfygolfer: folds 
KUSKA08: calls 100
frank69xx: checks 
*** FLOP *** [6s 8h 3d]
KUSKA08: checks 
frank69xx: checks 
JeffL49ers: checks 
Peplamagic: checks 
*** TURN *** [6s 8h 3d] [5d]
KUSKA08: checks 
frank69xx: checks 
JeffL49ers: bets 200
Peplamagic: calls 200
KUSKA08: folds 
frank69xx: folds 
*** RIVER *** [6s 8h 3d 5d] [7s]
JeffL49ers: checks 
Peplamagic: checks 
*** SHOW DOWN ***
JeffL49ers: shows [Kc 6h] (a pair of Sixes)
Peplamagic: mucks hand 
JeffL49ers collected 1134 from pot
*** SUMMARY ***
Total pot 1200 | Rake 66 
Board [6s 8h 3d 5d 7s]
Seat 1: wolfygolfer (button) folded before Flop (didn't bet)
Seat 2: KUSKA08 (small blind) folded on the Turn
Seat 3: frank69xx (big blind) folded on the Turn
Seat 4: JeffL49ers showed [Kc 6h] and won (1134) with a pair of Sixes
Seat 5: Peplamagic mucked [Qh Ah]
Seat 6: pipinoelbreve9 folded before Flop (didn't bet)



PokerStars Zoom Hand #257711226526:  Hold'em No Limit (100/200) - 2025/09/12 11:40:03 CET [2025/09/12 5:40:03 ET]
Table 'NLHE 100/200 6 Max' 6-max Seat #1 is the button
Seat 1: ONYA M8 (8734 in chips) 
Seat 2: VELSATIS56 (14293 in chips) 
Seat 3: icanplay1985 (19317 in chips) 
Seat 4: szabi5555 (21289 in chips) 
Seat 5: Rodev51 (15862 in chips) 
Seat 6: pipinoelbreve9 (40526 in chips) 
VELSATIS56: posts small blind 100
icanplay1985: posts big blind 200
*** HOLE CARDS ***
Dealt to pipinoelbreve9 [Kc Ac]
szabi5555: folds 
Rodev51: calls 200
pipinoelbreve9: raises 800 to 1000
ONYA M8: folds 
VELSATIS56: folds 
icanplay1985: folds 
Rodev51: folds 
Uncalled bet (800) returned to pipinoelbreve9
pipinoelbreve9 collected 700 from pot
pipinoelbreve9: doesn't show hand 
Rodev51 is disconnected 
*** SUMMARY ***
Total pot 700 | Rake 0 
Seat 1: ONYA M8 (button) folded before Flop (didn't bet)
Seat 2: VELSATIS56 (small blind) folded before Flop
Seat 3: icanplay1985 (big blind) folded before Flop
Seat 4: szabi5555 folded before Flop (didn't bet)
Seat 5: Rodev51 folded before Flop
Seat 6: pipinoelbreve9 collected (700)



PokerStars Zoom Hand #257711221522:  Hold'em No Limit (100/200) - 2025/09/12 11:39:06 CET [2025/09/12 5:39:06 ET]
Table 'NLHE 100/200 6 Max' 6-max Seat #1 is the button
Seat 1: pipinoelbreve9 (41026 in chips) 
Seat 2: tangoake (74957 in chips) 
Seat 3: Finesvas (12591 in chips) 
Seat 4: wegolf (16816 in chips) 
Seat 5: perales_trupa1 (18700 in chips) 
Seat 6: J!mbob88 (22516 in chips) 
tangoake: posts small blind 100
Finesvas: posts big blind 200
*** HOLE CARDS ***
Dealt to pipinoelbreve9 [4c Js]
wegolf: calls 200
perales_trupa1: folds 
J!mbob88: calls 200
pipinoelbreve9: folds 
tangoake: calls 100
Finesvas: checks 
*** FLOP *** [8d 5h Tc]
tangoake: checks 
Finesvas: checks 
wegolf: checks 
J!mbob88: checks 
*** TURN *** [8d 5h Tc] [Jd]
tangoake: checks 
Finesvas: checks 
wegolf: bets 200
J!mbob88: calls 200
tangoake: calls 200
Finesvas: folds 
*** RIVER *** [8d 5h Tc Jd] [5c]
tangoake: bets 1323
wegolf: folds 
J!mbob88: folds 
Uncalled bet (1323) returned to tangoake
tangoake collected 1323 from pot
tangoake: doesn't show hand 
*** SUMMARY ***
Total pot 1400 | Rake 77 
Board [8d 5h Tc Jd 5c]
Seat 1: pipinoelbreve9 (button) folded before Flop (didn't bet)
Seat 2: tangoake (small blind) collected (1323)
Seat 3: Finesvas (big blind) folded on the Turn
Seat 4: wegolf folded on the River
Seat 5: perales_trupa1 folded before Flop (didn't bet)
Seat 6: J!mbob88 folded on the River



PokerStars Zoom Hand #257711226186:  Hold'em No Limit (100/200) - 2025/09/12 11:39:59 CET [2025/09/12 5:39:59 ET]
Table 'NLHE 100/200 6 Max' 6-max Seat #1 is the button
Seat 1: KUSKA08 (7600 in chips) 
Seat 2: pipinoelbreve9 (40626 in chips) 
Seat 3: King_tama001 (7584 in chips) 
Seat 4: agusspg (30820 in chips) 
Seat 5: Bulldog475 (113824 in chips) 
Seat 6: VELSATIS56 (14293 in chips) 
pipinoelbreve9: posts small blind 100
King_tama001: posts big blind 200
*** HOLE CARDS ***
Dealt to pipinoelbreve9 [6s Jh]
agusspg: folds 
Bulldog475: folds 
VELSATIS56: folds 
KUSKA08: calls 200
pipinoelbreve9: folds 
King_tama001: raises 400 to 600
KUSKA08: calls 400
*** FLOP *** [2s 9d 8h]
King_tama001: checks 
KUSKA08: checks 
*** TURN *** [2s 9d 8h] [Qc]
King_tama001: checks 
KUSKA08: checks 
*** RIVER *** [2s 9d 8h Qc] [Jc]
King_tama001: bets 614
KUSKA08: folds 
Uncalled bet (614) returned to King_tama001
King_tama001 collected 1228 from pot
King_tama001: doesn't show hand 
*** SUMMARY ***
Total pot 1300 | Rake 72 
Board [2s 9d 8h Qc Jc]
Seat 1: KUSKA08 (button) folded on the River
Seat 2: pipinoelbreve9 (small blind) folded before Flop
Seat 3: King_tama001 (big blind) collected (1228)
Seat 4: agusspg folded before Flop (didn't bet)
Seat 5: Bulldog475 folded before Flop (didn't bet)
Seat 6: VELSATIS56 folded before Flop (didn't bet)



PokerStars Zoom Hand #257711229091:  Hold'em No Limit (100/200) - 2025/09/12 11:40:32 CET [2025/09/12 5:40:32 ET]
Table 'NLHE 100/200 6 Max' 6-max Seat #1 is the button
Seat 1: pipinoelbreve9 (41026 in chips) 
Seat 2: igorgreen136 (6534 in chips) 
Seat 3: Finesvas (12291 in chips) 
Seat 4: perales_trupa1 (18194 in chips) 
Seat 5: LIFE109 (23844 in chips) 
Seat 6: SirFeliceFis (15742 in chips) 
igorgreen136: posts small blind 100
Finesvas: posts big blind 200
*** HOLE CARDS ***
Dealt to pipinoelbreve9 [3d 9c]
perales_trupa1: folds 
LIFE109: raises 500 to 700
SirFeliceFis: folds 
pipinoelbreve9: folds 
igorgreen136: calls 600
Finesvas: folds 
*** FLOP *** [9s 7h Jh]
igorgreen136: checks 
LIFE109: bets 1512
igorgreen136: folds 
Uncalled bet (1512) returned to LIFE109
LIFE109 collected 1512 from pot
LIFE109: doesn't show hand 
*** SUMMARY ***
Total pot 1600 | Rake 88 
Board [9s 7h Jh]
Seat 1: pipinoelbreve9 (button) folded before Flop (didn't bet)
Seat 2: igorgreen136 (small blind) folded on the Flop
Seat 3: Finesvas (big blind) folded before Flop
Seat 4: perales_trupa1 folded before Flop (didn't bet)
Seat 5: LIFE109 collected (1512)
Seat 6: SirFeliceFis folded before Flop (didn't bet)



PokerStars Zoom Hand #257711229397:  Hold'em No Limit (100/200) - 2025/09/12 11:40:35 CET [2025/09/12 5:40:35 ET]
Table 'NLHE 100/200 6 Max' 6-max Seat #1 is the button
Seat 1: perales_trupa1 (18194 in chips) 
Seat 2: SirFeliceFis (15742 in chips) 
Seat 3: VELSATIS56 (8378 in chips) 
Seat 4: Bulldog475 (113624 in chips) 
Seat 5: TyConJen (11463 in chips) 
Seat 6: pipinoelbreve9 (41026 in chips) 
SirFeliceFis: posts small blind 100
VELSATIS56: posts big blind 200
*** HOLE CARDS ***
Dealt to pipinoelbreve9 [As 7c]
Bulldog475: folds 
TyConJen: raises 400 to 600
pipinoelbreve9: folds 
perales_trupa1: folds 
SirFeliceFis: folds 
VELSATIS56: raises 7778 to 8378 and is all-in
TyConJen: folds 
Uncalled bet (7778) returned to VELSATIS56
VELSATIS56 collected 1300 from pot
VELSATIS56: doesn't show hand 
*** SUMMARY ***
Total pot 1300 | Rake 0 
Seat 1: perales_trupa1 (button) folded before Flop (didn't bet)
Seat 2: SirFeliceFis (small blind) folded before Flop
Seat 3: VELSATIS56 (big blind) collected (1300)
Seat 4: Bulldog475 folded before Flop (didn't bet)
Seat 5: TyConJen folded before Flop
Seat 6: pipinoelbreve9 folded before Flop (didn't bet)



PokerStars Zoom Hand #257711228261:  Hold'em No Limit (100/200) - 2025/09/12 11:40:22 CET [2025/09/12 5:40:22 ET]
Table 'NLHE 100/200 6 Max' 6-max Seat #1 is the button
Seat 1: MrD 155 (30650 in chips) 
Seat 2: CHINWY (9166 in chips) 
Seat 3: szabi5555 (21289 in chips) 
Seat 4: Kok0chas (10790 in chips) 
Seat 5: pipinoelbreve9 (41026 in chips) 
Seat 6: Rodev51 (15662 in chips) 
CHINWY: posts small blind 100
szabi5555: posts big blind 200
*** HOLE CARDS ***
Dealt to pipinoelbreve9 [8s Ah]
Rodev51 is disconnected 
Kok0chas: folds 
pipinoelbreve9: folds 
Rodev51: folds 
MrD 155: calls 200
CHINWY: calls 100
szabi5555: checks 
*** FLOP *** [6h Kh 7d]
CHINWY: bets 600
szabi5555: folds 
MrD 155: folds 
Uncalled bet (600) returned to CHINWY
CHINWY collected 567 from pot
CHINWY: doesn't show hand 
*** SUMMARY ***
Total pot 600 | Rake 33 
Board [6h Kh 7d]
Seat 1: MrD 155 (button) folded on the Flop
Seat 2: CHINWY (small blind) collected (567)
Seat 3: szabi5555 (big blind) folded on the Flop
Seat 4: Kok0chas folded before Flop (didn't bet)
Seat 5: pipinoelbreve9 folded before Flop (didn't bet)
Seat 6: Rodev51 folded before Flop (didn't bet)



PokerStars Zoom Hand #257711223749:  Hold'em No Limit (100/200) - 2025/09/12 11:39:32 CET [2025/09/12 5:39:32 ET]
Table 'NLHE 100/200 6 Max' 6-max Seat #1 is the button
Seat 1: pipinoelbreve9 (40826 in chips) 
Seat 2: rosarosa77 (31952 in chips) 
Seat 3: igorgreen136 (6734 in chips) 
Seat 4: Bodo570 (30281 in chips) 
Seat 5: godfather481 (57760 in chips) 
Seat 6: ramman4447 (21807 in chips) 
rosarosa77: posts small blind 100
igorgreen136: posts big blind 200
*** HOLE CARDS ***
Dealt to pipinoelbreve9 [8d 5h]
Bodo570: folds 
godfather481: calls 200
ramman4447: calls 200
pipinoelbreve9: folds 
rosarosa77: calls 100
igorgreen136: checks 
*** FLOP *** [Jd Kd 8h]
rosarosa77: checks 
igorgreen136: checks 
godfather481: checks 
ramman4447: checks 
*** TURN *** [Jd Kd 8h] [As]
rosarosa77: checks 
igorgreen136: checks 
godfather481: bets 200
ramman4447: calls 200
rosarosa77: calls 200
igorgreen136: folds 
*** RIVER *** [Jd Kd 8h As] [7c]
rosarosa77: checks 
godfather481: bets 200
ramman4447: raises 1800 to 2000
rosarosa77: folds 
godfather481: folds 
Uncalled bet (1800) returned to ramman4447
ramman4447 collected 1701 from pot
ramman4447: doesn't show hand 
*** SUMMARY ***
Total pot 1800 | Rake 99 
Board [Jd Kd 8h As 7c]
Seat 1: pipinoelbreve9 (button) folded before Flop (didn't bet)
Seat 2: rosarosa77 (small blind) folded on the River
Seat 3: igorgreen136 (big blind) folded on the Turn
Seat 4: Bodo570 folded before Flop (didn't bet)
Seat 5: godfather481 folded on the River
Seat 6: ramman4447 collected (1701)



PokerStars Zoom Hand #257711230242:  Hold'em No Limit (100/200) - 2025/09/12 11:40:44 CET [2025/09/12 5:40:44 ET]
Table 'NLHE 100/200 6 Max' 6-max Seat #1 is the button
Seat 1: JeffL49ers (73599 in chips) 
Seat 2: pipinoelbreve9 (41026 in chips) 
Seat 3: perales_trupa1 (18094 in chips) 
Seat 4: patriciaAR (7964 in chips) 
Seat 5: Drac6114 (48197 in chips) 
Seat 6: KUSKA08 (7000 in chips) 
pipinoelbreve9: posts small blind 100
perales_trupa1: posts big blind 200
*** HOLE CARDS ***
Dealt to pipinoelbreve9 [8s 6d]
patriciaAR: folds 
Drac6114: folds 
KUSKA08: folds 
JeffL49ers: folds 
pipinoelbreve9: folds 
Uncalled bet (100) returned to perales_trupa1
perales_trupa1 collected 200 from pot
perales_trupa1: doesn't show hand 
*** SUMMARY ***
Total pot 200 | Rake 0 
Seat 1: JeffL49ers (button) folded before Flop (didn't bet)
Seat 2: pipinoelbreve9 (small blind) folded before Flop
Seat 3: perales_trupa1 (big blind) collected (200)
Seat 4: patriciaAR folded before Flop (didn't bet)
Seat 5: Drac6114 folded before Flop (didn't bet)
Seat 6: KUSKA08 folded before Flop (didn't bet)



PokerStars Zoom Hand #257711228751:  Hold'em No Limit (100/200) - 2025/09/12 11:40:28 CET [2025/09/12 5:40:28 ET]
Table 'NLHE 100/200 6 Max' 6-max Seat #1 is the button
Seat 1: Finesvas (12291 in chips) 
Seat 2: Rodev51 (15662 in chips) 
Seat 3: Kok0chas (10790 in chips) 
Seat 4: pipinoelbreve9 (41026 in chips) 
Seat 5: ChasX71 (8398 in chips) 
Seat 6: techman5 (19905 in chips) 
Rodev51: posts small blind 100
Kok0chas: posts big blind 200
*** HOLE CARDS ***
Dealt to pipinoelbreve9 [8s Js]
pipinoelbreve9: folds 
ChasX71: folds 
techman5: folds 
Finesvas: folds 
Rodev51: calls 100
Kok0chas: raises 400 to 600
Rodev51: calls 400
*** FLOP *** [6s Qh 6c]
Rodev51: checks 
Kok0chas: checks 
*** TURN *** [6s Qh 6c] [5h]
Rodev51: checks 
Kok0chas: bets 567
Rodev51: calls 567
*** RIVER *** [6s Qh 6c 5h] [Qd]
Rodev51: checks 
Kok0chas: checks 
*** SHOW DOWN ***
Rodev51: shows [Ad Kh] (two pair, Queens and Sixes)
Kok0chas: mucks hand 
Rodev51 collected 2206 from pot
*** SUMMARY ***
Total pot 2334 | Rake 128 
Board [6s Qh 6c 5h Qd]
Seat 1: Finesvas (button) folded before Flop (didn't bet)
Seat 2: Rodev51 (small blind) showed [Ad Kh] and won (2206) with two pair, Queens and Sixes
Seat 3: Kok0chas (big blind) mucked [5s 9s]
Seat 4: pipinoelbreve9 folded before Flop (didn't bet)
Seat 5: ChasX71 folded before Flop (didn't bet)
Seat 6: techman5 folded before Flop (didn't bet)



PokerStars Zoom Hand #257711230579:  Hold'em No Limit (100/200) - 2025/09/12 11:40:48 CET [2025/09/12 5:40:48 ET]
Table 'NLHE 100/200 6 Max' 6-max Seat #1 is the button
Seat 1: szabi5555 (13492 in chips) 
Seat 2: Finesvas (11891 in chips) 
Seat 3: pipinoelbreve9 (40926 in chips) 
Seat 4: igorgreen136 (5834 in chips) 
Seat 5: ribero196 (35234 in chips) 
Seat 6: Unnon4000 (11000 in chips) 
Finesvas: posts small blind 100
pipinoelbreve9: posts big blind 200
*** HOLE CARDS ***
Dealt to pipinoelbreve9 [Tc 4d]
igorgreen136: folds 
ribero196: folds 
Unnon4000: folds 
szabi5555: folds 
Finesvas: calls 100
pipinoelbreve9: checks 
*** FLOP *** [6s Kc Ac]
Finesvas: checks 
pipinoelbreve9: checks 
*** TURN *** [6s Kc Ac] [5h]
Finesvas: checks 
pipinoelbreve9: checks 
*** RIVER *** [6s Kc Ac 5h] [Th]
Finesvas: checks 
pipinoelbreve9: bets 200
Finesvas: folds 
Uncalled bet (200) returned to pipinoelbreve9
pipinoelbreve9 collected 378 from pot
pipinoelbreve9: doesn't show hand 
*** SUMMARY ***
Total pot 400 | Rake 22 
Board [6s Kc Ac 5h Th]
Seat 1: szabi5555 (button) folded before Flop (didn't bet)
Seat 2: Finesvas (small blind) folded on the River
Seat 3: pipinoelbreve9 (big blind) collected (378)
Seat 4: igorgreen136 folded before Flop (didn't bet)
Seat 5: ribero196 folded before Flop (didn't bet)
Seat 6: Unnon4000 folded before Flop (didn't bet)



PokerStars Zoom Hand #257711233133:  Hold'em No Limit (100/200) - 2025/09/12 11:41:16 CET [2025/09/12 5:41:16 ET]
Table 'NLHE 100/200 6 Max' 6-max Seat #1 is the button
Seat 1: Ship0007 (22101 in chips) 
Seat 2: andy1175 (25655 in chips) 
Seat 3: igorgreen136 (5834 in chips) 
Seat 4: pipinoelbreve9 (41104 in chips) 
Seat 5: agusspg (29720 in chips) 
Seat 6: SnapCall36 (75094 in chips) 
andy1175: posts small blind 100
igorgreen136: posts big blind 200
*** HOLE CARDS ***
Dealt to pipinoelbreve9 [Js Kh]
pipinoelbreve9: raises 400 to 600
agusspg: folds 
SnapCall36: calls 600
Ship0007: folds 
andy1175: folds 
igorgreen136: folds 
*** FLOP *** [3c 2h 3h]
pipinoelbreve9: checks 
SnapCall36: checks 
*** TURN *** [3c 2h 3h] [7h]
pipinoelbreve9: bets 400
SnapCall36: folds 
Uncalled bet (400) returned to pipinoelbreve9
pipinoelbreve9 collected 1417 from pot
pipinoelbreve9: doesn't show hand 
*** SUMMARY ***
Total pot 1500 | Rake 83 
Board [3c 2h 3h 7h]
Seat 1: Ship0007 (button) folded before Flop (didn't bet)
Seat 2: andy1175 (small blind) folded before Flop
Seat 3: igorgreen136 (big blind) folded before Flop
Seat 4: pipinoelbreve9 collected (1417)
Seat 5: agusspg folded before Flop (didn't bet)
Seat 6: SnapCall36 folded on the Turn



PokerStars Zoom Hand #257711236521:  Hold'em No Limit (100/200) - 2025/09/12 11:41:55 CET [2025/09/12 5:41:55 ET]
Table 'NLHE 100/200 6 Max' 6-max Seat #1 is the button
Seat 1: AtIante (48711 in chips) 
Seat 2: SirFeliceFis (14942 in chips) 
Seat 3: perales_trupa1 (17594 in chips) 
Seat 4: bristlenose399 (11723 in chips) 
Seat 5: pipinoelbreve9 (41921 in chips) 
Seat 6: raduconst115 (58491 in chips) 
SirFeliceFis: posts small blind 100
perales_trupa1: posts big blind 200
*** HOLE CARDS ***
Dealt to pipinoelbreve9 [6d 7h]
bristlenose399: folds 
pipinoelbreve9: folds 
raduconst115: calls 200
AtIante: folds 
SirFeliceFis: calls 100
perales_trupa1: checks 
*** FLOP *** [7d 5s Th]
SirFeliceFis: checks 
perales_trupa1: checks 
raduconst115: checks 
*** TURN *** [7d 5s Th] [Qh]
SirFeliceFis: checks 
perales_trupa1: checks 
raduconst115: checks 
*** RIVER *** [7d 5s Th Qh] [Kc]
SirFeliceFis: checks 
perales_trupa1: checks 
raduconst115: checks 
*** SHOW DOWN ***
SirFeliceFis: shows [Ad 8d] (high card Ace)
perales_trupa1: shows [Qc 2d] (a pair of Queens)
raduconst115: mucks hand 
perales_trupa1 collected 567 from pot
*** SUMMARY ***
Total pot 600 | Rake 33 
Board [7d 5s Th Qh Kc]
Seat 1: AtIante (button) folded before Flop (didn't bet)
Seat 2: SirFeliceFis (small blind) showed [Ad 8d] and lost with high card Ace
Seat 3: perales_trupa1 (big blind) showed [Qc 2d] and won (567) with a pair of Queens
Seat 4: bristlenose399 folded before Flop (didn't bet)
Seat 5: pipinoelbreve9 folded before Flop (didn't bet)
Seat 6: raduconst115 mucked [2h 2c]



PokerStars Zoom Hand #257711237421:  Hold'em No Limit (100/200) - 2025/09/12 11:42:06 CET [2025/09/12 5:42:06 ET]
Table 'NLHE 100/200 6 Max' 6-max Seat #1 is the button
Seat 1: agusspg (29420 in chips) 
Seat 2: pipinoelbreve9 (41921 in chips) 
Seat 3: pronerd1967 (43558 in chips) 
Seat 4: tomunas (51809 in chips) 
Seat 5: szabi5555 (12592 in chips) 
Seat 6: bibiminou759 (277598 in chips) 
pipinoelbreve9: posts small blind 100
pronerd1967: posts big blind 200
*** HOLE CARDS ***
Dealt to pipinoelbreve9 [Kd 5d]
tomunas: folds 
szabi5555: raises 200 to 400
bibiminou759: folds 
agusspg: folds 
pipinoelbreve9: raises 600 to 1000
pronerd1967: folds 
szabi5555: calls 600
*** FLOP *** [6s 3d 2d]
pipinoelbreve9: bets 1039
szabi5555: folds 
Uncalled bet (1039) returned to pipinoelbreve9
pipinoelbreve9 collected 2079 from pot
pipinoelbreve9: doesn't show hand 
*** SUMMARY ***
Total pot 2200 | Rake 121 
Board [6s 3d 2d]
Seat 1: agusspg (button) folded before Flop (didn't bet)
Seat 2: pipinoelbreve9 (small blind) collected (2079)
Seat 3: pronerd1967 (big blind) folded before Flop
Seat 4: tomunas folded before Flop (didn't bet)
Seat 5: szabi5555 folded on the Flop
Seat 6: bibiminou759 folded before Flop (didn't bet)



PokerStars Zoom Hand #257711236103:  Hold'em No Limit (100/200) - 2025/09/12 11:41:51 CET [2025/09/12 5:41:51 ET]
Table 'NLHE 100/200 6 Max' 6-max Seat #1 is the button
Seat 1: rushfan712 (23047 in chips) 
Seat 2: igorgreen136 (5434 in chips) 
Seat 3: zimmete (32356 in chips) 
Seat 4: perales_trupa1 (17594 in chips) 
Seat 5: pipinoelbreve9 (41921 in chips) 
Seat 6: SirFeliceFis (14942 in chips) 
igorgreen136: posts small blind 100
zimmete: posts big blind 200
*** HOLE CARDS ***
Dealt to pipinoelbreve9 [9c 7s]
perales_trupa1: folds 
pipinoelbreve9: folds 
SirFeliceFis: folds 
rushfan712: calls 200
igorgreen136: raises 200 to 400
zimmete: calls 200
rushfan712: calls 200
*** FLOP *** [4s 2d 8s]
igorgreen136: checks 
zimmete: checks 
rushfan712: checks 
*** TURN *** [4s 2d 8s] [Th]
igorgreen136: checks 
zimmete: checks 
rushfan712: checks 
*** RIVER *** [4s 2d 8s Th] [Ad]
igorgreen136: checks 
zimmete: checks 
rushfan712: bets 1134
igorgreen136: folds 
zimmete: folds 
Uncalled bet (1134) returned to rushfan712
rushfan712 collected 1134 from pot
rushfan712: doesn't show hand 
*** SUMMARY ***
Total pot 1200 | Rake 66 
Board [4s 2d 8s Th Ad]
Seat 1: rushfan712 (button) collected (1134)
Seat 2: igorgreen136 (small blind) folded on the River
Seat 3: zimmete (big blind) folded on the River
Seat 4: perales_trupa1 folded before Flop (didn't bet)
Seat 5: pipinoelbreve9 folded before Flop (didn't bet)
Seat 6: SirFeliceFis folded before Flop (didn't bet)



PokerStars Zoom Hand #257711239167:  Hold'em No Limit (100/200) - 2025/09/12 11:42:26 CET [2025/09/12 5:42:26 ET]
Table 'NLHE 100/200 6 Max' 6-max Seat #1 is the button
Seat 1: pipinoelbreve9 (43000 in chips) 
Seat 2: szabi5555 (11592 in chips) 
Seat 3: Unnon4000 (10600 in chips) 
Seat 4: jerryshow251 (21246 in chips) 
Seat 5: VELSATIS56 (9345 in chips) 
Seat 6: Kok0chas (12724 in chips) 
szabi5555: posts small blind 100
Unnon4000: posts big blind 200
*** HOLE CARDS ***
Dealt to pipinoelbreve9 [3s 7h]
jerryshow251: calls 200
VELSATIS56: calls 200
Kok0chas: calls 200
pipinoelbreve9: folds 
szabi5555: folds 
Unnon4000: checks 
*** FLOP *** [8c As 7s]
Unnon4000: checks 
jerryshow251: checks 
VELSATIS56: checks 
Kok0chas: checks 
*** TURN *** [8c As 7s] [7d]
Unnon4000: checks 
jerryshow251: bets 200
VELSATIS56: folds 
Kok0chas: calls 200
Unnon4000: calls 200
*** RIVER *** [8c As 7s 7d] [Ac]
Unnon4000: checks 
jerryshow251: checks 
Kok0chas: checks 
*** SHOW DOWN ***
Unnon4000: shows [6h 6d] (two pair, Aces and Sevens)
jerryshow251: shows [Ks 5s] (two pair, Aces and Sevens - King kicker)
Kok0chas: mucks hand 
jerryshow251 collected 1417 from pot
*** SUMMARY ***
Total pot 1500 | Rake 83 
Board [8c As 7s 7d Ac]
Seat 1: pipinoelbreve9 (button) folded before Flop (didn't bet)
Seat 2: szabi5555 (small blind) folded before Flop
Seat 3: Unnon4000 (big blind) showed [6h 6d] and lost with two pair, Aces and Sevens
Seat 4: jerryshow251 showed [Ks 5s] and won (1417) with two pair, Aces and Sevens
Seat 5: VELSATIS56 folded on the Turn
Seat 6: Kok0chas mucked [5d 9d]



PokerStars Zoom Hand #257711240174:  Hold'em No Limit (100/200) - 2025/09/12 11:42:38 CET [2025/09/12 5:42:38 ET]
Table 'NLHE 100/200 6 Max' 6-max Seat #1 is the button
Seat 1: rosarosa77 (32714 in chips) 
Seat 2: erikamama67 (15857 in chips) 
Seat 3: pipinoelbreve9 (43000 in chips) 
Seat 4: justme595 (8100 in chips) 
Seat 5: radu8778 (53534 in chips) 
Seat 6: ONYA M8 (13104 in chips) 
erikamama67: posts small blind 100
pipinoelbreve9: posts big blind 200
*** HOLE CARDS ***
Dealt to pipinoelbreve9 [Qc 4h]
justme595: folds 
radu8778: calls 200
ONYA M8: folds 
rosarosa77: calls 200
erikamama67: folds 
pipinoelbreve9: checks 
*** FLOP *** [8s 6h Ts]
pipinoelbreve9: checks 
radu8778: checks 
rosarosa77: checks 
*** TURN *** [8s 6h Ts] [Tc]
pipinoelbreve9: checks 
radu8778: bets 200
rosarosa77: calls 200
pipinoelbreve9: folds 
*** RIVER *** [8s 6h Ts Tc] [7h]
radu8778: bets 1039
rosarosa77: folds 
Uncalled bet (1039) returned to radu8778
radu8778 collected 1039 from pot
radu8778: doesn't show hand 
*** SUMMARY ***
Total pot 1100 | Rake 61 
Board [8s 6h Ts Tc 7h]
Seat 1: rosarosa77 (button) folded on the River
Seat 2: erikamama67 (small blind) folded before Flop
Seat 3: pipinoelbreve9 (big blind) folded on the Turn
Seat 4: justme595 folded before Flop (didn't bet)
Seat 5: radu8778 collected (1039)
Seat 6: ONYA M8 folded before Flop (didn't bet)



PokerStars Zoom Hand #257711236940:  Hold'em No Limit (100/200) - 2025/09/12 11:42:00 CET [2025/09/12 5:42:00 ET]
Table 'NLHE 100/200 6 Max' 6-max Seat #1 is the button
Seat 1: Gixxer305IR (57316 in chips) 
Seat 2: abaco11 (50796 in chips) 
Seat 3: bristlenose399 (11723 in chips) 
Seat 4: pipinoelbreve9 (41921 in chips) 
Seat 5: Nordine901600 (17109 in chips) 
Seat 6: ChasX71 (9897 in chips) 
abaco11: posts small blind 100
bristlenose399: posts big blind 200
*** HOLE CARDS ***
Dealt to pipinoelbreve9 [9c 8d]
pipinoelbreve9: folds 
Nordine901600: calls 200
ChasX71: folds 
Gixxer305IR: raises 700 to 900
abaco11: calls 800
bristlenose399: calls 700
Nordine901600: calls 700
*** FLOP *** [Td Kc 3d]
abaco11: checks 
bristlenose399: checks 
Nordine901600: checks 
Gixxer305IR has timed out
Gixxer305IR: checks 
*** TURN *** [Td Kc 3d] [Qh]
abaco11: checks 
bristlenose399: checks 
Nordine901600: checks 
Gixxer305IR has timed out
Gixxer305IR: checks 
*** RIVER *** [Td Kc 3d Qh] [8c]
abaco11: checks 
bristlenose399: bets 200
Nordine901600: folds 
Gixxer305IR: calls 200
abaco11: calls 200
*** SHOW DOWN ***
bristlenose399: shows [8h 9s] (a pair of Eights)
Gixxer305IR: mucks hand 
abaco11: shows [Tc 9d] (a pair of Tens)
abaco11 collected 3969 from pot
*** SUMMARY ***
Total pot 4200 | Rake 231 
Board [Td Kc 3d Qh 8c]
Seat 1: Gixxer305IR (button) mucked [2h 2s]
Seat 2: abaco11 (small blind) showed [Tc 9d] and won (3969) with a pair of Tens
Seat 3: bristlenose399 (big blind) showed [8h 9s] and lost with a pair of Eights
Seat 4: pipinoelbreve9 folded before Flop (didn't bet)
Seat 5: Nordine901600 folded on the River
Seat 6: ChasX71 folded before Flop (didn't bet)



PokerStars Zoom Hand #257711239786:  Hold'em No Limit (100/200) - 2025/09/12 11:42:33 CET [2025/09/12 5:42:33 ET]
Table 'NLHE 100/200 6 Max' 6-max Seat #1 is the button
Seat 1: zinc92 (6811 in chips) 
Seat 2: BusyBee001 (17278 in chips) 
Seat 3: Charlisuan55 (20000 in chips) 
Seat 4: AlenK23 (11850 in chips) 
Seat 5: Bulldog475 (114041 in chips) 
Seat 6: pipinoelbreve9 (43000 in chips) 
BusyBee001: posts small blind 100
Charlisuan55: posts big blind 200
*** HOLE CARDS ***
Dealt to pipinoelbreve9 [9c Td]
AlenK23 has timed out
AlenK23: folds 
Bulldog475: folds 
pipinoelbreve9: folds 
zinc92: calls 200
BusyBee001: calls 100
Charlisuan55: checks 
*** FLOP *** [5h 8c Th]
BusyBee001: checks 
Charlisuan55: checks 
zinc92: checks 
*** TURN *** [5h 8c Th] [Kc]
BusyBee001: bets 200
Charlisuan55: calls 200
zinc92: calls 200
*** RIVER *** [5h 8c Th Kc] [3s]
BusyBee001: bets 200
Charlisuan55: calls 200
zinc92: folds 
*** SHOW DOWN ***
BusyBee001: shows [9d Ks] (a pair of Kings)
Charlisuan55: mucks hand 
BusyBee001 collected 1512 from pot
*** SUMMARY ***
Total pot 1600 | Rake 88 
Board [5h 8c Th Kc 3s]
Seat 1: zinc92 (button) folded on the River
Seat 2: BusyBee001 (small blind) showed [9d Ks] and won (1512) with a pair of Kings
Seat 3: Charlisuan55 (big blind) mucked [Kd 7c]
Seat 4: AlenK23 folded before Flop (didn't bet)
Seat 5: Bulldog475 folded before Flop (didn't bet)
Seat 6: pipinoelbreve9 folded before Flop (didn't bet)



PokerStars Zoom Hand #257711242685:  Hold'em No Limit (100/200) - 2025/09/12 11:43:07 CET [2025/09/12 5:43:07 ET]
Table 'NLHE 100/200 6 Max' 6-max Seat #1 is the button
Seat 1: Kok0chas (12324 in chips) 
Seat 2: Unnon4000 (10200 in chips) 
Seat 3: Ship0007 (29788 in chips) 
Seat 4: pipinoelbreve9 (42800 in chips) 
Seat 5: Jade4444 (9532 in chips) 
Seat 6: szabi5555 (11292 in chips) 
Unnon4000: posts small blind 100
Ship0007: posts big blind 200
*** HOLE CARDS ***
Dealt to pipinoelbreve9 [Ts Tc]
pipinoelbreve9: raises 400 to 600
Jade4444: folds 
szabi5555: folds 
Kok0chas: calls 600
Unnon4000: folds 
Ship0007: calls 400
*** FLOP *** [8d Kh Kd]
Ship0007: checks 
pipinoelbreve9: bets 697
Kok0chas: calls 697
Ship0007: folds 
*** TURN *** [8d Kh Kd] [3s]
pipinoelbreve9: bets 1800
Kok0chas: calls 1800
*** RIVER *** [8d Kh Kd 3s] [Ad]
pipinoelbreve9: checks 
Kok0chas: bets 3257
pipinoelbreve9 has timed out
pipinoelbreve9: folds 
Uncalled bet (3257) returned to Kok0chas
Kok0chas collected 6515 from pot
Kok0chas: doesn't show hand 
*** SUMMARY ***
Total pot 6894 | Rake 379 
Board [8d Kh Kd 3s Ad]
Seat 1: Kok0chas (button) collected (6515)
Seat 2: Unnon4000 (small blind) folded before Flop
Seat 3: Ship0007 (big blind) folded on the Flop
Seat 4: pipinoelbreve9 folded on the River
Seat 5: Jade4444 folded before Flop (didn't bet)
Seat 6: szabi5555 folded before Flop (didn't bet)



