PokerStars Zoom Hand #257576230994:  Hold'em No Limit (€0.01/€0.02) - 2025/09/01 23:32:21 CET [2025/09/01 17:32:21 ET]
Table 'Arneb' 6-max Seat #1 is the button
Seat 1: Jorgefss (€1.46 in chips) 
Seat 2: pipinoelbreve9 (€2 in chips) 
Seat 3: Bestiote (€0.76 in chips) 
Seat 4: josep10965 (€2.70 in chips) 
Seat 5: dimag444 (€2.48 in chips) 
Seat 6: POÇAOMAGICA (€3.96 in chips) 
pipinoelbreve9: posts small blind €0.01
Bestiote: posts big blind €0.02
*** HOLE CARDS ***
Dealt to pipinoelbreve9 [Jc 4c]
josep10965: raises €0.04 to €0.06
dimag444: folds 
POÇAOMAGICA: folds 
Jorgefss: folds 
pipinoelbreve9: folds 
Bestiote: folds 
Uncalled bet (€0.04) returned to josep10965
josep10965 collected €0.05 from pot
josep10965: doesn't show hand 
*** SUMMARY ***
Total pot €0.05 | Rake €0 
Seat 1: Jorgefss (button) folded before Flop (didn't bet)
Seat 2: pipinoelbreve9 (small blind) folded before Flop
Seat 3: Bestiote (big blind) folded before Flop
Seat 4: josep10965 collected (€0.05)
Seat 5: dimag444 folded before Flop (didn't bet)
Seat 6: POÇAOMAGICA folded before Flop (didn't bet)



PokerStars Zoom Hand #257576233378:  Hold'em No Limit (€0.01/€0.02) - 2025/09/01 23:32:31 CET [2025/09/01 17:32:31 ET]
Table 'Arneb' 6-max Seat #1 is the button
Seat 1: pipinoelbreve9 (€2 in chips) 
Seat 2: dimag444 (€2.48 in chips) 
Seat 3: yunowme (€3.91 in chips) 
Seat 4: D Tasmania (€2.67 in chips) 
Seat 5: aupanaya (€2.09 in chips) 
Seat 6: lngk852305 (€3.80 in chips) 
dimag444: posts small blind €0.01
yunowme: posts big blind €0.02
*** HOLE CARDS ***
Dealt to pipinoelbreve9 [Jh 5c]
D Tasmania: folds 
aupanaya: folds 
lngk852305: folds 
pipinoelbreve9: folds 
dimag444: folds 
Uncalled bet (€0.01) returned to yunowme
yunowme collected €0.02 from pot
yunowme: doesn't show hand 
*** SUMMARY ***
Total pot €0.02 | Rake €0 
Seat 1: pipinoelbreve9 (button) folded before Flop (didn't bet)
Seat 2: dimag444 (small blind) folded before Flop
Seat 3: yunowme (big blind) collected (€0.02)
Seat 4: D Tasmania folded before Flop (didn't bet)
Seat 5: aupanaya folded before Flop (didn't bet)
Seat 6: lngk852305 folded before Flop (didn't bet)



PokerStars Zoom Hand #257576234437:  Hold'em No Limit (€0.01/€0.02) - 2025/09/01 23:32:35 CET [2025/09/01 17:32:35 ET]
Table 'Arneb' 6-max Seat #1 is the button
Seat 1: manolocash (€2.71 in chips) 
Seat 2: Grokuyu (€2 in chips) 
Seat 3: groom71 (€1.04 in chips) 
Seat 4: janjos69 (€1.96 in chips) 
Seat 5: Filipa_M856 (€2.30 in chips) 
Seat 6: pipinoelbreve9 (€2 in chips) 
Grokuyu: posts small blind €0.01
groom71: posts big blind €0.02
*** HOLE CARDS ***
Dealt to pipinoelbreve9 [7c Ts]
janjos69: folds 
Filipa_M856: raises €0.04 to €0.06
pipinoelbreve9: folds 
manolocash: folds 
Grokuyu: folds 
groom71: folds 
Uncalled bet (€0.04) returned to Filipa_M856
Filipa_M856 collected €0.05 from pot
Filipa_M856: doesn't show hand 
*** SUMMARY ***
Total pot €0.05 | Rake €0 
Seat 1: manolocash (button) folded before Flop (didn't bet)
Seat 2: Grokuyu (small blind) folded before Flop
Seat 3: groom71 (big blind) folded before Flop
Seat 4: janjos69 folded before Flop (didn't bet)
Seat 5: Filipa_M856 collected (€0.05)
Seat 6: pipinoelbreve9 folded before Flop (didn't bet)



PokerStars Zoom Hand #257576236454:  Hold'em No Limit (€0.01/€0.02) - 2025/09/01 23:32:43 CET [2025/09/01 17:32:43 ET]
Table 'Arneb' 6-max Seat #1 is the button
Seat 1: Grilo9 (€2.25 in chips) 
Seat 2: D Tasmania (€2.67 in chips) 
Seat 3: doyle room.4 (€3.11 in chips) 
Seat 4: lngk852305 (€3.80 in chips) 
Seat 5: Asen10 (€3.79 in chips) 
Seat 6: pipinoelbreve9 (€2 in chips) 
D Tasmania: posts small blind €0.01
doyle room.4: posts big blind €0.02
*** HOLE CARDS ***
Dealt to pipinoelbreve9 [Qh 3s]
lngk852305: folds 
Asen10: folds 
pipinoelbreve9: folds 
Grilo9: raises €0.04 to €0.06
D Tasmania: folds 
doyle room.4: folds 
Uncalled bet (€0.04) returned to Grilo9
Grilo9 collected €0.05 from pot
Grilo9: doesn't show hand 
*** SUMMARY ***
Total pot €0.05 | Rake €0 
Seat 1: Grilo9 (button) collected (€0.05)
Seat 2: D Tasmania (small blind) folded before Flop
Seat 3: doyle room.4 (big blind) folded before Flop
Seat 4: lngk852305 folded before Flop (didn't bet)
Seat 5: Asen10 folded before Flop (didn't bet)
Seat 6: pipinoelbreve9 folded before Flop (didn't bet)



PokerStars Zoom Hand #257576228533:  Hold'em No Limit (€0.01/€0.02) - 2025/09/01 23:32:11 CET [2025/09/01 17:32:11 ET]
Table 'Arneb' 6-max Seat #1 is the button
Seat 1: wilbor123 (€2.72 in chips) 
Seat 2: Franç@ (€2.19 in chips) 
Seat 3: pipinoelbreve9 (€2 in chips) 
Seat 4: Ischadia (€2.53 in chips) 
Seat 5: manolocash (€2.71 in chips) 
Seat 6: RichyPozo (€2 in chips) 
Franç@: posts small blind €0.01
pipinoelbreve9: posts big blind €0.02
*** HOLE CARDS ***
Dealt to pipinoelbreve9 [4h Qs]
Ischadia: raises €0.04 to €0.06
manolocash: folds 
RichyPozo: calls €0.06
wilbor123: folds 
Franç@: calls €0.05
pipinoelbreve9: folds 
*** FLOP *** [Kc 7h 2d]
Franç@: checks 
Ischadia: checks 
RichyPozo: bets €0.06
Franç@: folds 
Ischadia: calls €0.06
*** TURN *** [Kc 7h 2d] [5h]
Ischadia: checks 
RichyPozo: bets €0.23
Ischadia: folds 
Uncalled bet (€0.23) returned to RichyPozo
RichyPozo collected €0.30 from pot
RichyPozo: doesn't show hand 
*** SUMMARY ***
Total pot €0.32 | Rake €0.02 
Board [Kc 7h 2d 5h]
Seat 1: wilbor123 (button) folded before Flop (didn't bet)
Seat 2: Franç@ (small blind) folded on the Flop
Seat 3: pipinoelbreve9 (big blind) folded before Flop
Seat 4: Ischadia folded on the Turn
Seat 5: manolocash folded before Flop (didn't bet)
Seat 6: RichyPozo collected (€0.30)



PokerStars Zoom Hand #257576237462:  Hold'em No Limit (€0.01/€0.02) - 2025/09/01 23:32:47 CET [2025/09/01 17:32:47 ET]
Table 'Arneb' 6-max Seat #1 is the button
Seat 1: NeoArjelMaTuer (€2.68 in chips) 
Seat 2: pipinoelbreve9 (€2 in chips) 
Seat 3: Franç@ (€2.13 in chips) 
Seat 4: jftrindade98 (€2.53 in chips) 
Seat 5: D Tasmania (€2.66 in chips) 
Seat 6: Omaratm27 (€1.33 in chips) 
pipinoelbreve9: posts small blind €0.01
Franç@: posts big blind €0.02
*** HOLE CARDS ***
Dealt to pipinoelbreve9 [Ks 2s]
jftrindade98: folds 
D Tasmania: folds 
Omaratm27: raises €0.02 to €0.04
NeoArjelMaTuer: folds 
pipinoelbreve9: calls €0.03
Franç@: folds 
*** FLOP *** [9s 6d 4d]
pipinoelbreve9: checks 
Omaratm27: bets €0.04
pipinoelbreve9: folds 
Uncalled bet (€0.04) returned to Omaratm27
Omaratm27 collected €0.10 from pot
Omaratm27: doesn't show hand 
*** SUMMARY ***
Total pot €0.10 | Rake €0 
Board [9s 6d 4d]
Seat 1: NeoArjelMaTuer (button) folded before Flop (didn't bet)
Seat 2: pipinoelbreve9 (small blind) folded on the Flop
Seat 3: Franç@ (big blind) folded before Flop
Seat 4: jftrindade98 folded before Flop (didn't bet)
Seat 5: D Tasmania folded before Flop (didn't bet)
Seat 6: Omaratm27 collected (€0.10)



PokerStars Zoom Hand #257576235259:  Hold'em No Limit (€0.01/€0.02) - 2025/09/01 23:32:38 CET [2025/09/01 17:32:38 ET]
Table 'Arneb' 6-max Seat #1 is the button
Seat 1: GamerVidal (€4.03 in chips) 
Seat 2: manolocash (€2.71 in chips) 
Seat 3: BestiaESP12 (€2.40 in chips) 
Seat 4: Chichoampuero12 (€3.44 in chips) 
Seat 5: pipinoelbreve9 (€2 in chips) 
Seat 6: Franç@ (€2.13 in chips) 
manolocash: posts small blind €0.01
BestiaESP12: posts big blind €0.02
*** HOLE CARDS ***
Dealt to pipinoelbreve9 [8h 2c]
Chichoampuero12: folds 
pipinoelbreve9: folds 
Franç@: folds 
GamerVidal: folds 
manolocash: calls €0.01
BestiaESP12: checks 
*** FLOP *** [Js Td 3c]
manolocash: checks 
BestiaESP12: checks 
*** TURN *** [Js Td 3c] [Ts]
manolocash: checks 
BestiaESP12: checks 
*** RIVER *** [Js Td 3c Ts] [5s]
manolocash: checks 
BestiaESP12: checks 
*** SHOW DOWN ***
manolocash: shows [7d Kc] (a pair of Tens)
BestiaESP12: mucks hand 
manolocash collected €0.04 from pot
*** SUMMARY ***
Total pot €0.04 | Rake €0 
Board [Js Td 3c Ts 5s]
Seat 1: GamerVidal (button) folded before Flop (didn't bet)
Seat 2: manolocash (small blind) showed [7d Kc] and won (€0.04) with a pair of Tens
Seat 3: BestiaESP12 (big blind) mucked [Qc 8s]
Seat 4: Chichoampuero12 folded before Flop (didn't bet)
Seat 5: pipinoelbreve9 folded before Flop (didn't bet)
Seat 6: Franç@ folded before Flop (didn't bet)



PokerStars Zoom Hand #257576243153:  Hold'em No Limit (€0.01/€0.02) - 2025/09/01 23:33:10 CET [2025/09/01 17:33:10 ET]
Table 'Arneb' 6-max Seat #1 is the button
Seat 1: Ujfalusi87 (€4.08 in chips) 
Seat 2: CORDEVIGO (€5.80 in chips) 
Seat 3: pipinoelbreve9 (€2 in chips) 
Seat 4: Grilo9 (€3.04 in chips) 
Seat 5: joaninha124 (€2.30 in chips) 
Seat 6: chivi71 (€1.65 in chips) 
CORDEVIGO: posts small blind €0.01
pipinoelbreve9: posts big blind €0.02
*** HOLE CARDS ***
Dealt to pipinoelbreve9 [Ac 5s]
Grilo9: folds 
joaninha124: folds 
chivi71: folds 
Ujfalusi87: folds 
CORDEVIGO: raises €0.04 to €0.06
pipinoelbreve9: calls €0.04
*** FLOP *** [Ad 2c 8c]
CORDEVIGO: bets €0.05
pipinoelbreve9: calls €0.05
*** TURN *** [Ad 2c 8c] [Qh]
CORDEVIGO: bets €0.10
pipinoelbreve9: calls €0.10
*** RIVER *** [Ad 2c 8c Qh] [Qs]
CORDEVIGO: checks 
pipinoelbreve9: checks 
*** SHOW DOWN ***
CORDEVIGO: shows [Jh 8h] (two pair, Queens and Eights)
pipinoelbreve9: shows [Ac 5s] (two pair, Aces and Queens)
pipinoelbreve9 collected €0.40 from pot
*** SUMMARY ***
Total pot €0.42 | Rake €0.02 
Board [Ad 2c 8c Qh Qs]
Seat 1: Ujfalusi87 (button) folded before Flop (didn't bet)
Seat 2: CORDEVIGO (small blind) showed [Jh 8h] and lost with two pair, Queens and Eights
Seat 3: pipinoelbreve9 (big blind) showed [Ac 5s] and won (€0.40) with two pair, Aces and Queens
Seat 4: Grilo9 folded before Flop (didn't bet)
Seat 5: joaninha124 folded before Flop (didn't bet)
Seat 6: chivi71 folded before Flop (didn't bet)



PokerStars Zoom Hand #257576250486:  Hold'em No Limit (€0.01/€0.02) - 2025/09/01 23:33:40 CET [2025/09/01 17:33:40 ET]
Table 'Arneb' 6-max Seat #1 is the button
Seat 1: pipinoelbreve9 (€2.19 in chips) 
Seat 2: Filipa_M856 (€2.26 in chips) 
Seat 3: typh00n27 (€2.19 in chips) 
Seat 4: siradella80 (€1.66 in chips) 
Seat 5: juanlu2000china (€5.26 in chips) 
Seat 6: jimpyx (€3.76 in chips) 
Filipa_M856: posts small blind €0.01
typh00n27: posts big blind €0.02
*** HOLE CARDS ***
Dealt to pipinoelbreve9 [Qh 9c]
siradella80: raises €0.04 to €0.06
juanlu2000china: folds 
jimpyx: calls €0.06
pipinoelbreve9: folds 
Filipa_M856: folds 
typh00n27: folds 
*** FLOP *** [2h Qs 6c]
siradella80: checks 
jimpyx: checks 
*** TURN *** [2h Qs 6c] [3d]
siradella80: checks 
jimpyx: checks 
*** RIVER *** [2h Qs 6c 3d] [5h]
siradella80: checks 
jimpyx: bets €0.14
siradella80: folds 
Uncalled bet (€0.14) returned to jimpyx
jimpyx collected €0.14 from pot
jimpyx: doesn't show hand 
*** SUMMARY ***
Total pot €0.15 | Rake €0.01 
Board [2h Qs 6c 3d 5h]
Seat 1: pipinoelbreve9 (button) folded before Flop (didn't bet)
Seat 2: Filipa_M856 (small blind) folded before Flop
Seat 3: typh00n27 (big blind) folded before Flop
Seat 4: siradella80 folded on the River
Seat 5: juanlu2000china folded before Flop (didn't bet)
Seat 6: jimpyx collected (€0.14)



PokerStars Zoom Hand #257576255813:  Hold'em No Limit (€0.01/€0.02) - 2025/09/01 23:34:01 CET [2025/09/01 17:34:01 ET]
Table 'Arneb' 6-max Seat #1 is the button
Seat 1: pipinoelbreve9 (€2.19 in chips) 
Seat 2: RichyPozo (€2.22 in chips) 
Seat 3: jftrindade98 (€3.13 in chips) 
Seat 4: POÇAOMAGICA (€2.25 in chips) 
Seat 5: Romain8891 (€1.26 in chips) 
Seat 6: combinius1 (€2.17 in chips) 
RichyPozo: posts small blind €0.01
jftrindade98: posts big blind €0.02
*** HOLE CARDS ***
Dealt to pipinoelbreve9 [Td 3c]
POÇAOMAGICA: folds 
Romain8891: raises €0.02 to €0.04
combinius1: folds 
pipinoelbreve9: folds 
RichyPozo: folds 
jftrindade98: folds 
Uncalled bet (€0.02) returned to Romain8891
Romain8891 collected €0.05 from pot
Romain8891: doesn't show hand 
*** SUMMARY ***
Total pot €0.05 | Rake €0 
Seat 1: pipinoelbreve9 (button) folded before Flop (didn't bet)
Seat 2: RichyPozo (small blind) folded before Flop
Seat 3: jftrindade98 (big blind) folded before Flop
Seat 4: POÇAOMAGICA folded before Flop (didn't bet)
Seat 5: Romain8891 collected (€0.05)
Seat 6: combinius1 folded before Flop (didn't bet)



PokerStars Zoom Hand #257576254589:  Hold'em No Limit (€0.01/€0.02) - 2025/09/01 23:33:56 CET [2025/09/01 17:33:56 ET]
Table 'Arneb' 6-max Seat #1 is the button
Seat 1: POÇAOMAGICA (€2.25 in chips) 
Seat 2: Bestiote (€0.72 in chips) 
Seat 3: AnxoGM (€3.11 in chips) 
Seat 4: pipinoelbreve9 (€2.19 in chips) 
Seat 5: doyle room.4 (€3.11 in chips) 
Seat 6: typh00n27 (€2.17 in chips) 
Bestiote: posts small blind €0.01
AnxoGM: posts big blind €0.02
*** HOLE CARDS ***
Dealt to pipinoelbreve9 [4c 8h]
pipinoelbreve9: folds 
doyle room.4: raises €0.02 to €0.04
typh00n27: calls €0.04
POÇAOMAGICA: folds 
Bestiote: folds 
AnxoGM: folds 
*** FLOP *** [4s Ts 7c]
doyle room.4: checks 
typh00n27: checks 
*** TURN *** [4s Ts 7c] [2d]
doyle room.4: bets €0.08
typh00n27: folds 
Uncalled bet (€0.08) returned to doyle room.4
doyle room.4 collected €0.10 from pot
doyle room.4: doesn't show hand 
*** SUMMARY ***
Total pot €0.11 | Rake €0.01 
Board [4s Ts 7c 2d]
Seat 1: POÇAOMAGICA (button) folded before Flop (didn't bet)
Seat 2: Bestiote (small blind) folded before Flop
Seat 3: AnxoGM (big blind) folded before Flop
Seat 4: pipinoelbreve9 folded before Flop (didn't bet)
Seat 5: doyle room.4 collected (€0.10)
Seat 6: typh00n27 folded on the Turn



PokerStars Zoom Hand #257576253457:  Hold'em No Limit (€0.01/€0.02) - 2025/09/01 23:33:51 CET [2025/09/01 17:33:51 ET]
Table 'Arneb' 6-max Seat #1 is the button
Seat 1: juanlu2000china (€5.24 in chips) 
Seat 2: 3 vs 87 (€4.72 in chips) 
Seat 3: yunowme (€2.36 in chips) 
Seat 4: D Tasmania (€2.77 in chips) 
Seat 5: pipinoelbreve9 (€2.19 in chips) 
Seat 6: crcafe (€4.67 in chips) 
3 vs 87: posts small blind €0.01
yunowme: posts big blind €0.02
*** HOLE CARDS ***
Dealt to pipinoelbreve9 [Kh 2s]
D Tasmania: folds 
pipinoelbreve9: folds 
crcafe: folds 
juanlu2000china: calls €0.02
3 vs 87: raises €0.06 to €0.08
yunowme: calls €0.06
juanlu2000china: folds 
*** FLOP *** [3s 2h 3d]
3 vs 87: bets €0.09
yunowme: calls €0.09
*** TURN *** [3s 2h 3d] [7s]
3 vs 87: bets €0.17
yunowme: folds 
Uncalled bet (€0.17) returned to 3 vs 87
3 vs 87 collected €0.34 from pot
3 vs 87: doesn't show hand 
*** SUMMARY ***
Total pot €0.36 | Rake €0.02 
Board [3s 2h 3d 7s]
Seat 1: juanlu2000china (button) folded before Flop
Seat 2: 3 vs 87 (small blind) collected (€0.34)
Seat 3: yunowme (big blind) folded on the Turn
Seat 4: D Tasmania folded before Flop (didn't bet)
Seat 5: pipinoelbreve9 folded before Flop (didn't bet)
Seat 6: crcafe folded before Flop (didn't bet)



PokerStars Zoom Hand #257576279848:  Hold'em No Limit (€0.01/€0.02) - 2025/09/01 23:35:38 CET [2025/09/01 17:35:38 ET]
Table 'Arneb' 6-max Seat #1 is the button
Seat 1: Grilo9 (€3.36 in chips) 
Seat 2: Chichoampuero12 (€5.47 in chips) 
Seat 3: pipinoelbreve9 (€2.19 in chips) 
Seat 4: socramich44 (€2.80 in chips) 
Seat 5: wilbor123 (€2.81 in chips) 
Seat 6: Maestr0249 (€3.56 in chips) 
Chichoampuero12: posts small blind €0.01
pipinoelbreve9: posts big blind €0.02
*** HOLE CARDS ***
Dealt to pipinoelbreve9 [7d Qh]
socramich44: folds 
wilbor123: raises €0.04 to €0.06
Maestr0249: folds 
Grilo9: folds 
Chichoampuero12: folds 
pipinoelbreve9: folds 
Uncalled bet (€0.04) returned to wilbor123
wilbor123 collected €0.05 from pot
wilbor123: doesn't show hand 
*** SUMMARY ***
Total pot €0.05 | Rake €0 
Seat 1: Grilo9 (button) folded before Flop (didn't bet)
Seat 2: Chichoampuero12 (small blind) folded before Flop
Seat 3: pipinoelbreve9 (big blind) folded before Flop
Seat 4: socramich44 folded before Flop (didn't bet)
Seat 5: wilbor123 collected (€0.05)
Seat 6: Maestr0249 folded before Flop (didn't bet)



PokerStars Zoom Hand #257576285824:  Hold'em No Limit (€0.01/€0.02) - 2025/09/01 23:36:02 CET [2025/09/01 17:36:02 ET]
Table 'Arneb' 6-max Seat #1 is the button
Seat 1: Tropki (€2.88 in chips) 
Seat 2: pipinoelbreve9 (€2.17 in chips) 
Seat 3: Franç@ (€1.99 in chips) 
Seat 4: janjos69 (€4.16 in chips) 
Seat 5: RichyPozo (€2.12 in chips) 
Seat 6: Grokuyu (€1.99 in chips) 
pipinoelbreve9: posts small blind €0.01
Franç@: posts big blind €0.02
*** HOLE CARDS ***
Dealt to pipinoelbreve9 [6h Qh]
janjos69: folds 
RichyPozo: folds 
Grokuyu: folds 
Tropki: raises €0.03 to €0.05
pipinoelbreve9: calls €0.04
Franç@: calls €0.03
*** FLOP *** [Ad 2d 5s]
pipinoelbreve9: checks 
Franç@: checks 
Tropki: bets €0.05
pipinoelbreve9: folds 
Franç@: folds 
Uncalled bet (€0.05) returned to Tropki
Tropki collected €0.14 from pot
Tropki: doesn't show hand 
*** SUMMARY ***
Total pot €0.15 | Rake €0.01 
Board [Ad 2d 5s]
Seat 1: Tropki (button) collected (€0.14)
Seat 2: pipinoelbreve9 (small blind) folded on the Flop
Seat 3: Franç@ (big blind) folded on the Flop
Seat 4: janjos69 folded before Flop (didn't bet)
Seat 5: RichyPozo folded before Flop (didn't bet)
Seat 6: Grokuyu folded before Flop (didn't bet)



PokerStars Zoom Hand #257576284298:  Hold'em No Limit (€0.01/€0.02) - 2025/09/01 23:35:56 CET [2025/09/01 17:35:56 ET]
Table 'Arneb' 6-max Seat #1 is the button
Seat 1: pipinoelbreve9 (€2.17 in chips) 
Seat 2: chivi71 (€1.77 in chips) 
Seat 3: Ujfalusi87 (€3.32 in chips) 
Seat 4: The4G (€3.03 in chips) 
Seat 5: POÇAOMAGICA (€4.63 in chips) 
Seat 6: POUPIOU65 (€1.64 in chips) 
chivi71: posts small blind €0.01
Ujfalusi87: posts big blind €0.02
*** HOLE CARDS ***
Dealt to pipinoelbreve9 [4s Th]
The4G: calls €0.02
POÇAOMAGICA: folds 
POUPIOU65: folds 
pipinoelbreve9: folds 
chivi71: calls €0.01
Ujfalusi87: raises €0.15 to €0.17
The4G: calls €0.15
chivi71: folds 
*** FLOP *** [5c 5d Qs]
Ujfalusi87: checks 
The4G: checks 
*** TURN *** [5c 5d Qs] [Jc]
Ujfalusi87: bets €0.24
The4G: folds 
Uncalled bet (€0.24) returned to Ujfalusi87
Ujfalusi87 collected €0.34 from pot
Ujfalusi87: doesn't show hand 
*** SUMMARY ***
Total pot €0.36 | Rake €0.02 
Board [5c 5d Qs Jc]
Seat 1: pipinoelbreve9 (button) folded before Flop (didn't bet)
Seat 2: chivi71 (small blind) folded before Flop
Seat 3: Ujfalusi87 (big blind) collected (€0.34)
Seat 4: The4G folded on the Turn
Seat 5: POÇAOMAGICA folded before Flop (didn't bet)
Seat 6: POUPIOU65 folded before Flop (didn't bet)



PokerStars Zoom Hand #257576291276:  Hold'em No Limit (€0.01/€0.02) - 2025/09/01 23:36:24 CET [2025/09/01 17:36:24 ET]
Table 'Arneb' 6-max Seat #1 is the button
Seat 1: Cyrille51971 (€3.09 in chips) 
Seat 2: janjos69 (€4.14 in chips) 
Seat 3: Grokuyu (€2.02 in chips) 
Seat 4: Ischadia (€4.48 in chips) 
Seat 5: Franç@ (€1.36 in chips) 
Seat 6: pipinoelbreve9 (€2.12 in chips) 
janjos69: posts small blind €0.01
Grokuyu: posts big blind €0.02
*** HOLE CARDS ***
Dealt to pipinoelbreve9 [Ts 6h]
Ischadia: folds 
Franç@: folds 
pipinoelbreve9: folds 
Cyrille51971: calls €0.02
janjos69: folds 
Grokuyu: checks 
*** FLOP *** [2c 9h 5d]
Grokuyu: checks 
Cyrille51971: bets €0.02
Grokuyu: folds 
Uncalled bet (€0.02) returned to Cyrille51971
Cyrille51971 collected €0.05 from pot
Cyrille51971: doesn't show hand 
*** SUMMARY ***
Total pot €0.05 | Rake €0 
Board [2c 9h 5d]
Seat 1: Cyrille51971 (button) collected (€0.05)
Seat 2: janjos69 (small blind) folded before Flop
Seat 3: Grokuyu (big blind) folded on the Flop
Seat 4: Ischadia folded before Flop (didn't bet)
Seat 5: Franç@ folded before Flop (didn't bet)
Seat 6: pipinoelbreve9 folded before Flop (didn't bet)



PokerStars Zoom Hand #257576292190:  Hold'em No Limit (€0.01/€0.02) - 2025/09/01 23:36:28 CET [2025/09/01 17:36:28 ET]
Table 'Arneb' 6-max Seat #1 is the button
Seat 1: Jorgefss (€1.97 in chips) 
Seat 2: MIJL13 (€2.23 in chips) 
Seat 3: crcafe (€2 in chips) 
Seat 4: Ischadia (€4.48 in chips) 
Seat 5: pipinoelbreve9 (€2.12 in chips) 
Seat 6: 76jusab76 (€0.56 in chips) 
MIJL13: posts small blind €0.01
crcafe: posts big blind €0.02
*** HOLE CARDS ***
Dealt to pipinoelbreve9 [Tc Td]
Ischadia: folds 
pipinoelbreve9: raises €0.04 to €0.06
76jusab76: folds 
Jorgefss: folds 
MIJL13: folds 
crcafe: calls €0.04
*** FLOP *** [Ts Jc 9h]
crcafe: checks 
pipinoelbreve9: bets €0.04
crcafe: calls €0.04
*** TURN *** [Ts Jc 9h] [7s]
crcafe: checks 
pipinoelbreve9: bets €0.12
crcafe: raises €0.20 to €0.32
pipinoelbreve9: calls €0.20
*** RIVER *** [Ts Jc 9h 7s] [2d]
crcafe: bets €0.50
pipinoelbreve9: calls €0.50
*** SHOW DOWN ***
crcafe: shows [Kd Qc] (a straight, Nine to King)
pipinoelbreve9: mucks hand 
crcafe collected €1.76 from pot
*** SUMMARY ***
Total pot €1.85 | Rake €0.09 
Board [Ts Jc 9h 7s 2d]
Seat 1: Jorgefss (button) folded before Flop (didn't bet)
Seat 2: MIJL13 (small blind) folded before Flop
Seat 3: crcafe (big blind) showed [Kd Qc] and won (€1.76) with a straight, Nine to King
Seat 4: Ischadia folded before Flop (didn't bet)
Seat 5: pipinoelbreve9 mucked [Tc Td]
Seat 6: 76jusab76 folded before Flop (didn't bet)



PokerStars Zoom Hand #257576314621:  Hold'em No Limit (€0.01/€0.02) - 2025/09/01 23:37:58 CET [2025/09/01 17:37:58 ET]
Table 'Arneb' 6-max Seat #1 is the button
Seat 1: PkBcN15 (€2.04 in chips) 
Seat 2: MIJL13 (€2.24 in chips) 
Seat 3: RichyPozo (€2.19 in chips) 
Seat 4: pipinoelbreve9 (€2 in chips) 
Seat 5: A Besta 666 (€2.81 in chips) 
Seat 6: Franç@ (€1.83 in chips) 
MIJL13: posts small blind €0.01
RichyPozo: posts big blind €0.02
*** HOLE CARDS ***
Dealt to pipinoelbreve9 [Jc 3h]
pipinoelbreve9: folds 
A Besta 666: folds 
Franç@: folds 
PkBcN15: calls €0.02
MIJL13: folds 
RichyPozo: checks 
*** FLOP *** [9s 2d 9c]
RichyPozo: checks 
PkBcN15: bets €0.03
RichyPozo: folds 
Uncalled bet (€0.03) returned to PkBcN15
PkBcN15 collected €0.05 from pot
PkBcN15: doesn't show hand 
*** SUMMARY ***
Total pot €0.05 | Rake €0 
Board [9s 2d 9c]
Seat 1: PkBcN15 (button) collected (€0.05)
Seat 2: MIJL13 (small blind) folded before Flop
Seat 3: RichyPozo (big blind) folded on the Flop
Seat 4: pipinoelbreve9 folded before Flop (didn't bet)
Seat 5: A Besta 666 folded before Flop (didn't bet)
Seat 6: Franç@ folded before Flop (didn't bet)



PokerStars Zoom Hand #257576354768:  Hold'em No Limit (€0.01/€0.02) - 2025/09/01 23:40:41 CET [2025/09/01 17:40:41 ET]
Table 'Arneb' 6-max Seat #1 is the button
Seat 1: janjos69 (€4.22 in chips) 
Seat 2: Grilo9 (€3.12 in chips) 
Seat 3: pipinoelbreve9 (€2 in chips) 
Seat 4: combinius1 (€2.14 in chips) 
Seat 5: lngk852305 (€3.85 in chips) 
Seat 6: socramich44 (€2.91 in chips) 
Grilo9: posts small blind €0.01
pipinoelbreve9: posts big blind €0.02
*** HOLE CARDS ***
Dealt to pipinoelbreve9 [2c 9c]
combinius1: folds 
lngk852305: folds 
socramich44: raises €0.02 to €0.04
janjos69: folds 
Grilo9: folds 
pipinoelbreve9: folds 
Uncalled bet (€0.02) returned to socramich44
socramich44 collected €0.05 from pot
socramich44: doesn't show hand 
*** SUMMARY ***
Total pot €0.05 | Rake €0 
Seat 1: janjos69 (button) folded before Flop (didn't bet)
Seat 2: Grilo9 (small blind) folded before Flop
Seat 3: pipinoelbreve9 (big blind) folded before Flop
Seat 4: combinius1 folded before Flop (didn't bet)
Seat 5: lngk852305 folded before Flop (didn't bet)
Seat 6: socramich44 collected (€0.05)



PokerStars Zoom Hand #257576359217:  Hold'em No Limit (€0.01/€0.02) - 2025/09/01 23:40:59 CET [2025/09/01 17:40:59 ET]
Table 'Arneb' 6-max Seat #1 is the button
Seat 1: typh00n27 (€2.53 in chips) 
Seat 2: Filipa_M856 (€2.09 in chips) 
Seat 3: socramich44 (€3.04 in chips) 
Seat 4: JR.EWING433 (€3.07 in chips) 
Seat 5: 350ZJHN (€2.03 in chips) 
Seat 6: pipinoelbreve9 (€2 in chips) 
Filipa_M856: posts small blind €0.01
socramich44: posts big blind €0.02
*** HOLE CARDS ***
Dealt to pipinoelbreve9 [Tc 9s]
JR.EWING433: folds 
350ZJHN: raises €0.04 to €0.06
pipinoelbreve9: folds 
typh00n27: folds 
Filipa_M856: folds 
socramich44: folds 
Uncalled bet (€0.04) returned to 350ZJHN
350ZJHN collected €0.05 from pot
350ZJHN: doesn't show hand 
*** SUMMARY ***
Total pot €0.05 | Rake €0 
Seat 1: typh00n27 (button) folded before Flop (didn't bet)
Seat 2: Filipa_M856 (small blind) folded before Flop
Seat 3: socramich44 (big blind) folded before Flop
Seat 4: JR.EWING433 folded before Flop (didn't bet)
Seat 5: 350ZJHN collected (€0.05)
Seat 6: pipinoelbreve9 folded before Flop (didn't bet)



PokerStars Zoom Hand #257576361185:  Hold'em No Limit (€0.01/€0.02) - 2025/09/01 23:41:08 CET [2025/09/01 17:41:08 ET]
Table 'Arneb' 6-max Seat #1 is the button
Seat 1: Chichoampuero12 (€3.17 in chips) 
Seat 2: pipinoelbreve9 (€2 in chips) 
Seat 3: Grilo9 (€3.14 in chips) 
Seat 4: typh00n27 (€2.53 in chips) 
Seat 5: gin_213 (€2.02 in chips) 
Seat 6: Ritza224 (€0.92 in chips) 
pipinoelbreve9: posts small blind €0.01
Grilo9: posts big blind €0.02
*** HOLE CARDS ***
Dealt to pipinoelbreve9 [Tc 5s]
typh00n27: folds 
gin_213: folds 
Ritza224: folds 
Chichoampuero12: folds 
pipinoelbreve9: folds 
Uncalled bet (€0.01) returned to Grilo9
Grilo9 collected €0.02 from pot
Grilo9: doesn't show hand 
*** SUMMARY ***
Total pot €0.02 | Rake €0 
Seat 1: Chichoampuero12 (button) folded before Flop (didn't bet)
Seat 2: pipinoelbreve9 (small blind) folded before Flop
Seat 3: Grilo9 (big blind) collected (€0.02)
Seat 4: typh00n27 folded before Flop (didn't bet)
Seat 5: gin_213 folded before Flop (didn't bet)
Seat 6: Ritza224 folded before Flop (didn't bet)



PokerStars Zoom Hand #257576362366:  Hold'em No Limit (€0.01/€0.02) - 2025/09/01 23:41:12 CET [2025/09/01 17:41:12 ET]
Table 'Arneb' 6-max Seat #1 is the button
Seat 1: pipinoelbreve9 (€2 in chips) 
Seat 2: typh00n27 (€2.53 in chips) 
Seat 3: A Besta 666 (€4.12 in chips) 
Seat 4: manolocash (€2.93 in chips) 
Seat 5: jftrindade98 (€3.20 in chips) 
Seat 6: janjos69 (€1.59 in chips) 
typh00n27: posts small blind €0.01
A Besta 666: posts big blind €0.02
*** HOLE CARDS ***
Dealt to pipinoelbreve9 [8d Qs]
manolocash: folds 
jftrindade98: folds 
janjos69: folds 
pipinoelbreve9: raises €0.04 to €0.06
typh00n27: folds 
A Besta 666: folds 
Uncalled bet (€0.04) returned to pipinoelbreve9
pipinoelbreve9 collected €0.05 from pot
pipinoelbreve9: doesn't show hand 
*** SUMMARY ***
Total pot €0.05 | Rake €0 
Seat 1: pipinoelbreve9 (button) collected (€0.05)
Seat 2: typh00n27 (small blind) folded before Flop
Seat 3: A Besta 666 (big blind) folded before Flop
Seat 4: manolocash folded before Flop (didn't bet)
Seat 5: jftrindade98 folded before Flop (didn't bet)
Seat 6: janjos69 folded before Flop (didn't bet)



PokerStars Zoom Hand #257576366995:  Hold'em No Limit (€0.01/€0.02) - 2025/09/01 23:41:31 CET [2025/09/01 17:41:31 ET]
Table 'Arneb' 6-max Seat #1 is the button
Seat 1: Omaratm27 (€1.33 in chips) 
Seat 2: A Besta 666 (€3.52 in chips) 
Seat 3: kixenaiPT (€1.67 in chips) 
Seat 4: pipinoelbreve9 (€2.03 in chips) 
Seat 5: D Tasmania (€2.58 in chips) 
Seat 6: Chichoampuero12 (€3.16 in chips) 
A Besta 666: posts small blind €0.01
kixenaiPT: posts big blind €0.02
*** HOLE CARDS ***
Dealt to pipinoelbreve9 [Qh 6d]
pipinoelbreve9: folds 
D Tasmania: raises €0.03 to €0.05
Chichoampuero12: folds 
Omaratm27: folds 
A Besta 666: folds 
kixenaiPT: calls €0.03
*** FLOP *** [Ah 7s 3c]
kixenaiPT: checks 
D Tasmania: bets €0.03
kixenaiPT: calls €0.03
*** TURN *** [Ah 7s 3c] [9s]
kixenaiPT: checks 
D Tasmania: bets €0.05
kixenaiPT: calls €0.05
*** RIVER *** [Ah 7s 3c 9s] [Td]
kixenaiPT: checks 
D Tasmania: checks 
*** SHOW DOWN ***
kixenaiPT: shows [4d 5d] (high card Ace)
D Tasmania: shows [Ad Qd] (a pair of Aces)
D Tasmania collected €0.26 from pot
*** SUMMARY ***
Total pot €0.27 | Rake €0.01 
Board [Ah 7s 3c 9s Td]
Seat 1: Omaratm27 (button) folded before Flop (didn't bet)
Seat 2: A Besta 666 (small blind) folded before Flop
Seat 3: kixenaiPT (big blind) showed [4d 5d] and lost with high card Ace
Seat 4: pipinoelbreve9 folded before Flop (didn't bet)
Seat 5: D Tasmania showed [Ad Qd] and won (€0.26) with a pair of Aces
Seat 6: Chichoampuero12 folded before Flop (didn't bet)



PokerStars Zoom Hand #257576367963:  Hold'em No Limit (€0.01/€0.02) - 2025/09/01 23:41:35 CET [2025/09/01 17:41:35 ET]
Table 'Arneb' 6-max Seat #1 is the button
Seat 1: lilpapayaa (€1.15 in chips) 
Seat 2: pipinoelbreve9 (€2.03 in chips) 
Seat 3: Xoseanro510 (€2.14 in chips) 
Seat 4: jftrindade98 (€3.17 in chips) 
Seat 5: CORDEVIGO (€4.67 in chips) 
Seat 6: JR.EWING433 (€3.12 in chips) 
pipinoelbreve9: posts small blind €0.01
Xoseanro510: posts big blind €0.02
*** HOLE CARDS ***
Dealt to pipinoelbreve9 [7d 6d]
jftrindade98: folds 
CORDEVIGO: folds 
JR.EWING433: folds 
lilpapayaa: calls €0.02
pipinoelbreve9: raises €0.08 to €0.10
Xoseanro510: folds 
lilpapayaa: calls €0.08
*** FLOP *** [Tc Qh Ts]
pipinoelbreve9: bets €0.07
lilpapayaa: calls €0.07
*** TURN *** [Tc Qh Ts] [5c]
pipinoelbreve9: checks 
lilpapayaa: checks 
*** RIVER *** [Tc Qh Ts 5c] [Kh]
pipinoelbreve9: bets €0.23
lilpapayaa: folds 
Uncalled bet (€0.23) returned to pipinoelbreve9
pipinoelbreve9 collected €0.34 from pot
pipinoelbreve9: doesn't show hand 
*** SUMMARY ***
Total pot €0.36 | Rake €0.02 
Board [Tc Qh Ts 5c Kh]
Seat 1: lilpapayaa (button) folded on the River
Seat 2: pipinoelbreve9 (small blind) collected (€0.34)
Seat 3: Xoseanro510 (big blind) folded before Flop
Seat 4: jftrindade98 folded before Flop (didn't bet)
Seat 5: CORDEVIGO folded before Flop (didn't bet)
Seat 6: JR.EWING433 folded before Flop (didn't bet)



PokerStars Zoom Hand #257576381273:  Hold'em No Limit (€0.01/€0.02) - 2025/09/01 23:42:29 CET [2025/09/01 17:42:29 ET]
Table 'Arneb' 6-max Seat #1 is the button
Seat 1: pipinoelbreve9 (€2.20 in chips) 
Seat 2: doyle room.4 (€3.45 in chips) 
Seat 3: Rebelpink (€1 in chips) 
Seat 4: Omaratm27 (€1.44 in chips) 
Seat 5: lilpapayaa (€0.91 in chips) 
Seat 6: typh00n27 (€2.56 in chips) 
doyle room.4: posts small blind €0.01
Rebelpink: posts big blind €0.02
*** HOLE CARDS ***
Dealt to pipinoelbreve9 [9s Kd]
Omaratm27: folds 
lilpapayaa: calls €0.02
typh00n27: calls €0.02
pipinoelbreve9: folds 
doyle room.4: folds 
Rebelpink: checks 
*** FLOP *** [6h 4c Qh]
Rebelpink: checks 
lilpapayaa: checks 
typh00n27: checks 
*** TURN *** [6h 4c Qh] [Jc]
Rebelpink: checks 
lilpapayaa: checks 
typh00n27: checks 
*** RIVER *** [6h 4c Qh Jc] [4s]
Rebelpink: checks 
lilpapayaa: checks 
typh00n27: checks 
*** SHOW DOWN ***
Rebelpink: shows [Ks Td] (a pair of Fours)
lilpapayaa: shows [3c Ad] (a pair of Fours - Ace kicker)
typh00n27: shows [2d 2c] (two pair, Fours and Deuces)
typh00n27 collected €0.07 from pot
*** SUMMARY ***
Total pot €0.07 | Rake €0 
Board [6h 4c Qh Jc 4s]
Seat 1: pipinoelbreve9 (button) folded before Flop (didn't bet)
Seat 2: doyle room.4 (small blind) folded before Flop
Seat 3: Rebelpink (big blind) showed [Ks Td] and lost with a pair of Fours
Seat 4: Omaratm27 folded before Flop (didn't bet)
Seat 5: lilpapayaa showed [3c Ad] and lost with a pair of Fours
Seat 6: typh00n27 showed [2d 2c] and won (€0.07) with two pair, Fours and Deuces



PokerStars Zoom Hand #257576391403:  Hold'em No Limit (€0.01/€0.02) - 2025/09/01 23:43:11 CET [2025/09/01 17:43:11 ET]
Table 'Arneb' 6-max Seat #1 is the button
Seat 1: 76jusab76 (€0.27 in chips) 
Seat 2: rodss52 (€0.98 in chips) 
Seat 3: PkBcN15 (€2.13 in chips) 
Seat 4: Abrelatas787 (€2.24 in chips) 
Seat 5: Franç@ (€1.80 in chips) 
Seat 6: pipinoelbreve9 (€2.18 in chips) 
rodss52: posts small blind €0.01
PkBcN15: posts big blind €0.02
*** HOLE CARDS ***
Dealt to pipinoelbreve9 [7h 3s]
Abrelatas787: folds 
Franç@: folds 
pipinoelbreve9: folds 
76jusab76: raises €0.25 to €0.27 and is all-in
rodss52: folds 
PkBcN15: folds 
Uncalled bet (€0.25) returned to 76jusab76
76jusab76 collected €0.05 from pot
76jusab76: doesn't show hand 
*** SUMMARY ***
Total pot €0.05 | Rake €0 
Seat 1: 76jusab76 (button) collected (€0.05)
Seat 2: rodss52 (small blind) folded before Flop
Seat 3: PkBcN15 (big blind) folded before Flop
Seat 4: Abrelatas787 folded before Flop (didn't bet)
Seat 5: Franç@ folded before Flop (didn't bet)
Seat 6: pipinoelbreve9 folded before Flop (didn't bet)



PokerStars Zoom Hand #257576384739:  Hold'em No Limit (€0.01/€0.02) - 2025/09/01 23:42:44 CET [2025/09/01 17:42:44 ET]
Table 'Arneb' 6-max Seat #1 is the button
Seat 1: Cyrille51971 (€3.60 in chips) 
Seat 2: A Besta 666 (€4.09 in chips) 
Seat 3: pipinoelbreve9 (€2.20 in chips) 
Seat 4: CORDEVIGO (€0.68 in chips) 
Seat 5: janjos69 (€1.78 in chips) 
Seat 6: jftrindade98 (€3.32 in chips) 
A Besta 666: posts small blind €0.01
pipinoelbreve9: posts big blind €0.02
*** HOLE CARDS ***
Dealt to pipinoelbreve9 [3h 8s]
CORDEVIGO: folds 
janjos69: folds 
jftrindade98: folds 
Cyrille51971: calls €0.02
A Besta 666: calls €0.01
pipinoelbreve9: checks 
*** FLOP *** [9s Qs Td]
A Besta 666: checks 
pipinoelbreve9: checks 
Cyrille51971: checks 
*** TURN *** [9s Qs Td] [6h]
A Besta 666: bets €0.04
pipinoelbreve9: folds 
Cyrille51971: calls €0.04
*** RIVER *** [9s Qs Td 6h] [Js]
A Besta 666: bets €0.07
Cyrille51971: calls €0.07
*** SHOW DOWN ***
A Besta 666: shows [Kc Th] (a straight, Nine to King)
Cyrille51971: mucks hand 
A Besta 666 collected €0.27 from pot
*** SUMMARY ***
Total pot €0.28 | Rake €0.01 
Board [9s Qs Td 6h Js]
Seat 1: Cyrille51971 (button) mucked [Jc 2d]
Seat 2: A Besta 666 (small blind) showed [Kc Th] and won (€0.27) with a straight, Nine to King
Seat 3: pipinoelbreve9 (big blind) folded on the Turn
Seat 4: CORDEVIGO folded before Flop (didn't bet)
Seat 5: janjos69 folded before Flop (didn't bet)
Seat 6: jftrindade98 folded before Flop (didn't bet)



PokerStars Zoom Hand #257576393499:  Hold'em No Limit (€0.01/€0.02) - 2025/09/01 23:43:20 CET [2025/09/01 17:43:20 ET]
Table 'Arneb' 6-max Seat #1 is the button
Seat 1: Grilo9 (€2.09 in chips) 
Seat 2: 350ZJHN (€2.18 in chips) 
Seat 3: pipinoelbreve9 (€2.18 in chips) 
Seat 4: chivi71 (€1.53 in chips) 
Seat 5: Filipa_M856 (€2.21 in chips) 
Seat 6: PkBcN15 (€2.11 in chips) 
350ZJHN: posts small blind €0.01
pipinoelbreve9: posts big blind €0.02
*** HOLE CARDS ***
Dealt to pipinoelbreve9 [2s 4c]
chivi71: folds 
Filipa_M856: raises €0.04 to €0.06
PkBcN15: folds 
Grilo9: calls €0.06
350ZJHN: folds 
pipinoelbreve9: folds 
*** FLOP *** [3d Th Qh]
Filipa_M856: checks 
Grilo9: bets €0.07
Filipa_M856: calls €0.07
*** TURN *** [3d Th Qh] [6h]
Filipa_M856: checks 
Grilo9: checks 
*** RIVER *** [3d Th Qh 6h] [8c]
Filipa_M856: bets €0.16
Grilo9: folds 
Uncalled bet (€0.16) returned to Filipa_M856
Filipa_M856 collected €0.28 from pot
Filipa_M856: doesn't show hand 
*** SUMMARY ***
Total pot €0.29 | Rake €0.01 
Board [3d Th Qh 6h 8c]
Seat 1: Grilo9 (button) folded on the River
Seat 2: 350ZJHN (small blind) folded before Flop
Seat 3: pipinoelbreve9 (big blind) folded before Flop
Seat 4: chivi71 folded before Flop (didn't bet)
Seat 5: Filipa_M856 collected (€0.28)
Seat 6: PkBcN15 folded before Flop (didn't bet)



PokerStars Zoom Hand #257576392537:  Hold'em No Limit (€0.01/€0.02) - 2025/09/01 23:43:16 CET [2025/09/01 17:43:16 ET]
Table 'Arneb' 6-max Seat #1 is the button
Seat 1: chivi71 (€1.53 in chips) 
Seat 2: janjos69 (€1.76 in chips) 
Seat 3: RedShark1976 (€1.95 in chips) 
Seat 4: Xoseanro510 (€2.30 in chips) 
Seat 5: pipinoelbreve9 (€2.18 in chips) 
Seat 6: CORDEVIGO (€0.69 in chips) 
janjos69: posts small blind €0.01
RedShark1976: posts big blind €0.02
*** HOLE CARDS ***
Dealt to pipinoelbreve9 [9s 7d]
Xoseanro510: raises €0.04 to €0.06
pipinoelbreve9: folds 
CORDEVIGO: folds 
chivi71: folds 
janjos69: calls €0.05
RedShark1976: folds 
*** FLOP *** [Td 6d 8c]
janjos69: bets €0.07
Xoseanro510: calls €0.07
*** TURN *** [Td 6d 8c] [Jc]
janjos69: bets €0.18
Xoseanro510: calls €0.18
*** RIVER *** [Td 6d 8c Jc] [4s]
janjos69: checks 
Xoseanro510: bets €0.31
janjos69: calls €0.31
*** SHOW DOWN ***
Xoseanro510: shows [Kh Ks] (a pair of Kings)
janjos69: shows [Th Jh] (two pair, Jacks and Tens)
janjos69 collected €1.20 from pot
*** SUMMARY ***
Total pot €1.26 | Rake €0.06 
Board [Td 6d 8c Jc 4s]
Seat 1: chivi71 (button) folded before Flop (didn't bet)
Seat 2: janjos69 (small blind) showed [Th Jh] and won (€1.20) with two pair, Jacks and Tens
Seat 3: RedShark1976 (big blind) folded before Flop
Seat 4: Xoseanro510 showed [Kh Ks] and lost with a pair of Kings
Seat 5: pipinoelbreve9 folded before Flop (didn't bet)
Seat 6: CORDEVIGO folded before Flop (didn't bet)



PokerStars Zoom Hand #257576396574:  Hold'em No Limit (€0.01/€0.02) - 2025/09/01 23:43:33 CET [2025/09/01 17:43:33 ET]
Table 'Arneb' 6-max Seat #1 is the button
Seat 1: pipinoelbreve9 (€2.16 in chips) 
Seat 2: siradella80 (€1.65 in chips) 
Seat 3: JR.EWING433 (€3.14 in chips) 
Seat 4: Tropki (€2.05 in chips) 
Seat 5: morganlee66 (€0.94 in chips) 
Seat 6: socramich44 (€2.90 in chips) 
siradella80: posts small blind €0.01
JR.EWING433: posts big blind €0.02
*** HOLE CARDS ***
Dealt to pipinoelbreve9 [9h Th]
Tropki: folds 
morganlee66: calls €0.02
socramich44: folds 
pipinoelbreve9: raises €0.08 to €0.10
siradella80: folds 
JR.EWING433: folds 
morganlee66: folds 
Uncalled bet (€0.08) returned to pipinoelbreve9
pipinoelbreve9 collected €0.07 from pot
pipinoelbreve9: doesn't show hand 
*** SUMMARY ***
Total pot €0.07 | Rake €0 
Seat 1: pipinoelbreve9 (button) collected (€0.07)
Seat 2: siradella80 (small blind) folded before Flop
Seat 3: JR.EWING433 (big blind) folded before Flop
Seat 4: Tropki folded before Flop (didn't bet)
Seat 5: morganlee66 folded before Flop
Seat 6: socramich44 folded before Flop (didn't bet)



PokerStars Zoom Hand #257576394952:  Hold'em No Limit (€0.01/€0.02) - 2025/09/01 23:43:26 CET [2025/09/01 17:43:26 ET]
Table 'Arneb' 6-max Seat #1 is the button
Seat 1: 350ZJHN (€2.17 in chips) 
Seat 2: janjos69 (€4.12 in chips) 
Seat 3: moeda negra (€0.69 in chips) 
Seat 4: lngk852305 (€2.83 in chips) 
Seat 5: pipinoelbreve9 (€2.16 in chips) 
Seat 6: morganlee66 (€0.94 in chips) 
janjos69: posts small blind €0.01
moeda negra: posts big blind €0.02
*** HOLE CARDS ***
Dealt to pipinoelbreve9 [7d 2d]
lngk852305: folds 
pipinoelbreve9: folds 
morganlee66: folds 
350ZJHN: raises €0.04 to €0.06
janjos69: calls €0.05
moeda negra: folds 
*** FLOP *** [3h Ad 7c]
janjos69: checks 
350ZJHN: checks 
*** TURN *** [3h Ad 7c] [7h]
janjos69: bets €0.09
350ZJHN: folds 
Uncalled bet (€0.09) returned to janjos69
janjos69 collected €0.13 from pot
janjos69: doesn't show hand 
*** SUMMARY ***
Total pot €0.14 | Rake €0.01 
Board [3h Ad 7c 7h]
Seat 1: 350ZJHN (button) folded on the Turn
Seat 2: janjos69 (small blind) collected (€0.13)
Seat 3: moeda negra (big blind) folded before Flop
Seat 4: lngk852305 folded before Flop (didn't bet)
Seat 5: pipinoelbreve9 folded before Flop (didn't bet)
Seat 6: morganlee66 folded before Flop (didn't bet)



PokerStars Zoom Hand #257576402529:  Hold'em No Limit (€0.01/€0.02) - 2025/09/01 23:43:57 CET [2025/09/01 17:43:57 ET]
Table 'Arneb' 6-max Seat #1 is the button
Seat 1: D Tasmania (€2.65 in chips) 
Seat 2: pipinoelbreve9 (€2.21 in chips) 
Seat 3: PkBcN15 (€2.02 in chips) 
Seat 4: visantico (€0.95 in chips) 
Seat 5: Diamondsdogs (€4.78 in chips) 
Seat 6: A Besta 666 (€2.22 in chips) 
pipinoelbreve9: posts small blind €0.01
PkBcN15: posts big blind €0.02
*** HOLE CARDS ***
Dealt to pipinoelbreve9 [6d 3c]
visantico: folds 
Diamondsdogs: folds 
A Besta 666: folds 
D Tasmania: folds 
pipinoelbreve9: folds 
Uncalled bet (€0.01) returned to PkBcN15
PkBcN15 collected €0.02 from pot
PkBcN15: doesn't show hand 
*** SUMMARY ***
Total pot €0.02 | Rake €0 
Seat 1: D Tasmania (button) folded before Flop (didn't bet)
Seat 2: pipinoelbreve9 (small blind) folded before Flop
Seat 3: PkBcN15 (big blind) collected (€0.02)
Seat 4: visantico folded before Flop (didn't bet)
Seat 5: Diamondsdogs folded before Flop (didn't bet)
Seat 6: A Besta 666 folded before Flop (didn't bet)



PokerStars Zoom Hand #257576403787:  Hold'em No Limit (€0.01/€0.02) - 2025/09/01 23:44:02 CET [2025/09/01 17:44:02 ET]
Table 'Arneb' 6-max Seat #1 is the button
Seat 1: jabsc (€0.65 in chips) 
Seat 2: D Tasmania (€2.65 in chips) 
Seat 3: calou100 (€0.32 in chips) 
Seat 4: pipinoelbreve9 (€2.20 in chips) 
Seat 5: 350ZJHN (€2.11 in chips) 
Seat 6: janjos69 (€2.34 in chips) 
D Tasmania: posts small blind €0.01
calou100: posts big blind €0.02
*** HOLE CARDS ***
Dealt to pipinoelbreve9 [Ad 5c]
pipinoelbreve9: folds 
350ZJHN: folds 
janjos69: folds 
jabsc: folds 
D Tasmania: folds 
Uncalled bet (€0.01) returned to calou100
calou100 collected €0.02 from pot
calou100: doesn't show hand 
*** SUMMARY ***
Total pot €0.02 | Rake €0 
Seat 1: jabsc (button) folded before Flop (didn't bet)
Seat 2: D Tasmania (small blind) folded before Flop
Seat 3: calou100 (big blind) collected (€0.02)
Seat 4: pipinoelbreve9 folded before Flop (didn't bet)
Seat 5: 350ZJHN folded before Flop (didn't bet)
Seat 6: janjos69 folded before Flop (didn't bet)



PokerStars Zoom Hand #257576395683:  Hold'em No Limit (€0.01/€0.02) - 2025/09/01 23:43:29 CET [2025/09/01 17:43:29 ET]
Table 'Arneb' 6-max Seat #1 is the button
Seat 1: winie66 (€0.93 in chips) 
Seat 2: POUPIOU65 (€1.70 in chips) 
Seat 3: Julian8757 (€0.55 in chips) 
Seat 4: morganlee66 (€0.94 in chips) 
Seat 5: A Besta 666 (€4.23 in chips) 
Seat 6: pipinoelbreve9 (€2.16 in chips) 
POUPIOU65: posts small blind €0.01
Julian8757: posts big blind €0.02
*** HOLE CARDS ***
Dealt to pipinoelbreve9 [2s Kd]
morganlee66: folds 
A Besta 666: folds 
pipinoelbreve9: folds 
winie66: raises €0.05 to €0.07
POUPIOU65: calls €0.06
Julian8757: calls €0.05
*** FLOP *** [Ad 4c 3c]
POUPIOU65: bets €0.19
Julian8757: folds 
winie66: calls €0.19
*** TURN *** [Ad 4c 3c] [Jc]
POUPIOU65: bets €0.22
winie66: calls €0.22
*** RIVER *** [Ad 4c 3c Jc] [9d]
POUPIOU65: bets €0.02
winie66: raises €0.14 to €0.16
POUPIOU65: calls €0.14
*** SHOW DOWN ***
winie66: shows [Kc Ah] (a pair of Aces)
POUPIOU65: mucks hand 
winie66 collected €1.28 from pot
*** SUMMARY ***
Total pot €1.35 | Rake €0.07 
Board [Ad 4c 3c Jc 9d]
Seat 1: winie66 (button) showed [Kc Ah] and won (€1.28) with a pair of Aces
Seat 2: POUPIOU65 (small blind) mucked [Ac Ts]
Seat 3: Julian8757 (big blind) folded on the Flop
Seat 4: morganlee66 folded before Flop (didn't bet)
Seat 5: A Besta 666 folded before Flop (didn't bet)
Seat 6: pipinoelbreve9 folded before Flop (didn't bet)



PokerStars Zoom Hand #257576404684:  Hold'em No Limit (€0.01/€0.02) - 2025/09/01 23:44:06 CET [2025/09/01 17:44:06 ET]
Table 'Arneb' 6-max Seat #1 is the button
Seat 1: janjos69 (€4.19 in chips) 
Seat 2: A Besta 666 (€3.45 in chips) 
Seat 3: pipinoelbreve9 (€2.20 in chips) 
Seat 4: socramich44 (€2.97 in chips) 
Seat 5: MarcoFilipe 92 (€1 in chips) 
Seat 6: PkBcN15 (€2.03 in chips) 
A Besta 666: posts small blind €0.01
pipinoelbreve9: posts big blind €0.02
*** HOLE CARDS ***
Dealt to pipinoelbreve9 [Tc Kd]
socramich44: raises €0.04 to €0.06
MarcoFilipe 92: folds 
PkBcN15: folds 
janjos69: folds 
A Besta 666: folds 
pipinoelbreve9: calls €0.04
*** FLOP *** [5d Ac Ad]
pipinoelbreve9: checks 
socramich44: checks 
*** TURN *** [5d Ac Ad] [Jd]
pipinoelbreve9: bets €0.08
socramich44: raises €0.10 to €0.18
pipinoelbreve9: calls €0.10
*** RIVER *** [5d Ac Ad Jd] [6c]
pipinoelbreve9: checks 
socramich44: bets €0.24
pipinoelbreve9: folds 
Uncalled bet (€0.24) returned to socramich44
socramich44 collected €0.47 from pot
socramich44: doesn't show hand 
*** SUMMARY ***
Total pot €0.49 | Rake €0.02 
Board [5d Ac Ad Jd 6c]
Seat 1: janjos69 (button) folded before Flop (didn't bet)
Seat 2: A Besta 666 (small blind) folded before Flop
Seat 3: pipinoelbreve9 (big blind) folded on the River
Seat 4: socramich44 collected (€0.47)
Seat 5: MarcoFilipe 92 folded before Flop (didn't bet)
Seat 6: PkBcN15 folded before Flop (didn't bet)



PokerStars Zoom Hand #257576416163:  Hold'em No Limit (€0.01/€0.02) - 2025/09/01 23:44:55 CET [2025/09/01 17:44:55 ET]
Table 'Arneb' 6-max Seat #1 is the button
Seat 1: pipinoelbreve9 (€2 in chips) 
Seat 2: Topuluz33 (€2.12 in chips) 
Seat 3: NeoArjelMaTuer (€2.42 in chips) 
Seat 4: typh00n27 (€2.42 in chips) 
Seat 5: janjos69 (€2.01 in chips) 
Seat 6: Franç@ (€0.90 in chips) 
Topuluz33: posts small blind €0.01
NeoArjelMaTuer: posts big blind €0.02
*** HOLE CARDS ***
Dealt to pipinoelbreve9 [5d 9d]
typh00n27: folds 
janjos69: folds 
Franç@: folds 
pipinoelbreve9: folds 
Topuluz33: folds 
Uncalled bet (€0.01) returned to NeoArjelMaTuer
NeoArjelMaTuer collected €0.02 from pot
NeoArjelMaTuer: doesn't show hand 
*** SUMMARY ***
Total pot €0.02 | Rake €0 
Seat 1: pipinoelbreve9 (button) folded before Flop (didn't bet)
Seat 2: Topuluz33 (small blind) folded before Flop
Seat 3: NeoArjelMaTuer (big blind) collected (€0.02)
Seat 4: typh00n27 folded before Flop (didn't bet)
Seat 5: janjos69 folded before Flop (didn't bet)
Seat 6: Franç@ folded before Flop (didn't bet)



PokerStars Zoom Hand #257576420973:  Hold'em No Limit (€0.01/€0.02) - 2025/09/01 23:45:15 CET [2025/09/01 17:45:15 ET]
Table 'Arneb' 6-max Seat #1 is the button
Seat 1: ergordi88 (€1.42 in chips) 
Seat 2: crcafe (€3.31 in chips) 
Seat 3: Topuluz33 (€2.11 in chips) 
Seat 4: POUPIOU65 (€1.87 in chips) 
Seat 5: pipinoelbreve9 (€2 in chips) 
Seat 6: Grilo9 (€2 in chips) 
crcafe: posts small blind €0.01
Topuluz33: posts big blind €0.02
*** HOLE CARDS ***
Dealt to pipinoelbreve9 [8d 5s]
POUPIOU65: folds 
pipinoelbreve9: folds 
Grilo9: raises €0.04 to €0.06
ergordi88: folds 
crcafe: folds 
Topuluz33: folds 
Uncalled bet (€0.04) returned to Grilo9
Grilo9 collected €0.05 from pot
Grilo9: doesn't show hand 
*** SUMMARY ***
Total pot €0.05 | Rake €0 
Seat 1: ergordi88 (button) folded before Flop (didn't bet)
Seat 2: crcafe (small blind) folded before Flop
Seat 3: Topuluz33 (big blind) folded before Flop
Seat 4: POUPIOU65 folded before Flop (didn't bet)
Seat 5: pipinoelbreve9 folded before Flop (didn't bet)
Seat 6: Grilo9 collected (€0.05)



PokerStars Zoom Hand #257576421977:  Hold'em No Limit (€0.01/€0.02) - 2025/09/01 23:45:19 CET [2025/09/01 17:45:19 ET]
Table 'Arneb' 6-max Seat #1 is the button
Seat 1: nisperito (€1.10 in chips) 
Seat 2: MIJL13 (€3.79 in chips) 
Seat 3: Chichoampuero12 (€3.40 in chips) 
Seat 4: pipinoelbreve9 (€2 in chips) 
Seat 5: jabsc (€0.67 in chips) 
Seat 6: Omaratm27 (€3.97 in chips) 
MIJL13: posts small blind €0.01
Chichoampuero12: posts big blind €0.02
*** HOLE CARDS ***
Dealt to pipinoelbreve9 [8d 4h]
pipinoelbreve9: folds 
jabsc: folds 
Omaratm27: folds 
nisperito: folds 
MIJL13: folds 
Uncalled bet (€0.01) returned to Chichoampuero12
Chichoampuero12 collected €0.02 from pot
Chichoampuero12: doesn't show hand 
*** SUMMARY ***
Total pot €0.02 | Rake €0 
Seat 1: nisperito (button) folded before Flop (didn't bet)
Seat 2: MIJL13 (small blind) folded before Flop
Seat 3: Chichoampuero12 (big blind) collected (€0.02)
Seat 4: pipinoelbreve9 folded before Flop (didn't bet)
Seat 5: jabsc folded before Flop (didn't bet)
Seat 6: Omaratm27 folded before Flop (didn't bet)



PokerStars Zoom Hand #257576422883:  Hold'em No Limit (€0.01/€0.02) - 2025/09/01 23:45:23 CET [2025/09/01 17:45:23 ET]
Table 'Arneb' 6-max Seat #1 is the button
Seat 1: Asen10 (€3.88 in chips) 
Seat 2: D Tasmania (€2.94 in chips) 
Seat 3: Ujfalusi87 (€4.05 in chips) 
Seat 4: typh00n27 (€2.53 in chips) 
Seat 5: QUIQUE JONES (€0.98 in chips) 
Seat 6: pipinoelbreve9 (€2 in chips) 
D Tasmania: posts small blind €0.01
Ujfalusi87: posts big blind €0.02
*** HOLE CARDS ***
Dealt to pipinoelbreve9 [3s 5h]
typh00n27: folds 
QUIQUE JONES: folds 
pipinoelbreve9: folds 
Asen10: folds 
D Tasmania: folds 
Uncalled bet (€0.01) returned to Ujfalusi87
Ujfalusi87 collected €0.02 from pot
Ujfalusi87: doesn't show hand 
*** SUMMARY ***
Total pot €0.02 | Rake €0 
Seat 1: Asen10 (button) folded before Flop (didn't bet)
Seat 2: D Tasmania (small blind) folded before Flop
Seat 3: Ujfalusi87 (big blind) collected (€0.02)
Seat 4: typh00n27 folded before Flop (didn't bet)
Seat 5: QUIQUE JONES folded before Flop (didn't bet)
Seat 6: pipinoelbreve9 folded before Flop (didn't bet)



PokerStars Zoom Hand #257576423852:  Hold'em No Limit (€0.01/€0.02) - 2025/09/01 23:45:26 CET [2025/09/01 17:45:26 ET]
Table 'Arneb' 6-max Seat #1 is the button
Seat 1: A Besta 666 (€3.82 in chips) 
Seat 2: MarcoFilipe 92 (€1.05 in chips) 
Seat 3: Julian8757 (€0.43 in chips) 
Seat 4: pipinoelbreve9 (€2 in chips) 
Seat 5: NeoArjelMaTuer (€5.01 in chips) 
Seat 6: visantico (€0.85 in chips) 
MarcoFilipe 92: posts small blind €0.01
Julian8757: posts big blind €0.02
*** HOLE CARDS ***
Dealt to pipinoelbreve9 [4d Ac]
pipinoelbreve9: folds 
NeoArjelMaTuer: folds 
visantico: folds 
A Besta 666: folds 
MarcoFilipe 92: folds 
Uncalled bet (€0.01) returned to Julian8757
Julian8757 collected €0.02 from pot
Julian8757: doesn't show hand 
*** SUMMARY ***
Total pot €0.02 | Rake €0 
Seat 1: A Besta 666 (button) folded before Flop (didn't bet)
Seat 2: MarcoFilipe 92 (small blind) folded before Flop
Seat 3: Julian8757 (big blind) collected (€0.02)
Seat 4: pipinoelbreve9 folded before Flop (didn't bet)
Seat 5: NeoArjelMaTuer folded before Flop (didn't bet)
Seat 6: visantico folded before Flop (didn't bet)



PokerStars Zoom Hand #257576424607:  Hold'em No Limit (€0.01/€0.02) - 2025/09/01 23:45:29 CET [2025/09/01 17:45:29 ET]
Table 'Arneb' 6-max Seat #1 is the button
Seat 1: ice 1pact (€0.84 in chips) 
Seat 2: winie66 (€1.43 in chips) 
Seat 3: pipinoelbreve9 (€2 in chips) 
Seat 4: typh00n27 (€2.53 in chips) 
Seat 5: Topuluz33 (€2.08 in chips) 
Seat 6: PkBcN15 (€2 in chips) 
winie66: posts small blind €0.01
pipinoelbreve9: posts big blind €0.02
*** HOLE CARDS ***
Dealt to pipinoelbreve9 [3c Th]
typh00n27: folds 
Topuluz33: raises €0.03 to €0.05
PkBcN15: folds 
ice 1pact: folds 
winie66: folds 
pipinoelbreve9: folds 
Uncalled bet (€0.03) returned to Topuluz33
Topuluz33 collected €0.05 from pot
Topuluz33: doesn't show hand 
*** SUMMARY ***
Total pot €0.05 | Rake €0 
Seat 1: ice 1pact (button) folded before Flop (didn't bet)
Seat 2: winie66 (small blind) folded before Flop
Seat 3: pipinoelbreve9 (big blind) folded before Flop
Seat 4: typh00n27 folded before Flop (didn't bet)
Seat 5: Topuluz33 collected (€0.05)
Seat 6: PkBcN15 folded before Flop (didn't bet)



PokerStars Zoom Hand #257576427536:  Hold'em No Limit (€0.01/€0.02) - 2025/09/01 23:45:41 CET [2025/09/01 17:45:41 ET]
Table 'Arneb' 6-max Seat #1 is the button
Seat 1: lngk852305 (€3.54 in chips) 
Seat 2: Grilo9 (€4.23 in chips) 
Seat 3: NeoArjelMaTuer (€2.45 in chips) 
Seat 4: dimag444 (€2 in chips) 
Seat 5: pipinoelbreve9 (€2 in chips) 
Seat 6: CORDEVIGO (€1.05 in chips) 
Grilo9: posts small blind €0.01
NeoArjelMaTuer: posts big blind €0.02
*** HOLE CARDS ***
Dealt to pipinoelbreve9 [2h Js]
dimag444: folds 
pipinoelbreve9: folds 
CORDEVIGO: folds 
lngk852305: folds 
Grilo9: folds 
Uncalled bet (€0.01) returned to NeoArjelMaTuer
NeoArjelMaTuer collected €0.02 from pot
NeoArjelMaTuer: doesn't show hand 
*** SUMMARY ***
Total pot €0.02 | Rake €0 
Seat 1: lngk852305 (button) folded before Flop (didn't bet)
Seat 2: Grilo9 (small blind) folded before Flop
Seat 3: NeoArjelMaTuer (big blind) collected (€0.02)
Seat 4: dimag444 folded before Flop (didn't bet)
Seat 5: pipinoelbreve9 folded before Flop (didn't bet)
Seat 6: CORDEVIGO folded before Flop (didn't bet)



PokerStars Zoom Hand #257576417108:  Hold'em No Limit (€0.01/€0.02) - 2025/09/01 23:44:58 CET [2025/09/01 17:44:58 ET]
Table 'Arneb' 6-max Seat #1 is the button
Seat 1: POUPIOU65 (€1.91 in chips) 
Seat 2: pipinoelbreve9 (€2 in chips) 
Seat 3: crcafe (€3.33 in chips) 
Seat 4: yunowme (€3.49 in chips) 
Seat 5: joaninha124 (€2.25 in chips) 
Seat 6: Apdwins (€2.16 in chips) 
pipinoelbreve9: posts small blind €0.01
crcafe: posts big blind €0.02
*** HOLE CARDS ***
Dealt to pipinoelbreve9 [Ac 4s]
yunowme: raises €0.03 to €0.05
joaninha124: calls €0.05
Apdwins: folds 
POUPIOU65: folds 
pipinoelbreve9: folds 
crcafe: folds 
*** FLOP *** [Jc Ts Tc]
yunowme: bets €0.04
joaninha124: calls €0.04
*** TURN *** [Jc Ts Tc] [6s]
yunowme: checks 
joaninha124: bets €0.10
yunowme: calls €0.10
*** RIVER *** [Jc Ts Tc 6s] [6c]
yunowme: checks 
joaninha124: checks 
*** SHOW DOWN ***
yunowme: shows [Ad Jh] (two pair, Jacks and Tens)
joaninha124: shows [Qc Qs] (two pair, Queens and Tens)
joaninha124 collected €0.39 from pot
*** SUMMARY ***
Total pot €0.41 | Rake €0.02 
Board [Jc Ts Tc 6s 6c]
Seat 1: POUPIOU65 (button) folded before Flop (didn't bet)
Seat 2: pipinoelbreve9 (small blind) folded before Flop
Seat 3: crcafe (big blind) folded before Flop
Seat 4: yunowme showed [Ad Jh] and lost with two pair, Jacks and Tens
Seat 5: joaninha124 showed [Qc Qs] and won (€0.39) with two pair, Queens and Tens
Seat 6: Apdwins folded before Flop (didn't bet)



PokerStars Zoom Hand #257576426670:  Hold'em No Limit (€0.01/€0.02) - 2025/09/01 23:45:38 CET [2025/09/01 17:45:38 ET]
Table 'Arneb' 6-max Seat #1 is the button
Seat 1: Ujfalusi87 (€2.63 in chips) 
Seat 2: pipinoelbreve9 (€2 in chips) 
Seat 3: MIJL13 (€3.78 in chips) 
Seat 4: socramich44 (€2.99 in chips) 
Seat 5: janjos69 (€2.09 in chips) 
Seat 6: 19valerio82 (€1.11 in chips) 
pipinoelbreve9: posts small blind €0.01
MIJL13: posts big blind €0.02
*** HOLE CARDS ***
Dealt to pipinoelbreve9 [Th 2d]
socramich44: folds 
janjos69: folds 
19valerio82: folds 
Ujfalusi87: raises €0.03 to €0.05
pipinoelbreve9: folds 
MIJL13: folds 
Uncalled bet (€0.03) returned to Ujfalusi87
Ujfalusi87 collected €0.05 from pot
Ujfalusi87: doesn't show hand 
*** SUMMARY ***
Total pot €0.05 | Rake €0 
Seat 1: Ujfalusi87 (button) collected (€0.05)
Seat 2: pipinoelbreve9 (small blind) folded before Flop
Seat 3: MIJL13 (big blind) folded before Flop
Seat 4: socramich44 folded before Flop (didn't bet)
Seat 5: janjos69 folded before Flop (didn't bet)
Seat 6: 19valerio82 folded before Flop (didn't bet)



PokerStars Zoom Hand #257576428644:  Hold'em No Limit (€0.01/€0.02) - 2025/09/01 23:45:46 CET [2025/09/01 17:45:46 ET]
Table 'Arneb' 6-max Seat #1 is the button
Seat 1: pipinoelbreve9 (€2 in chips) 
Seat 2: Abrelatas787 (€2.33 in chips) 
Seat 3: Grilo9 (€2.06 in chips) 
Seat 4: CORDEVIGO (€1.05 in chips) 
Seat 5: 76jusab76 (€0.32 in chips) 
Seat 6: typh00n27 (€2.65 in chips) 
Abrelatas787: posts small blind €0.01
Grilo9: posts big blind €0.02
*** HOLE CARDS ***
Dealt to pipinoelbreve9 [9s 4h]
CORDEVIGO: raises €0.04 to €0.06
76jusab76: folds 
typh00n27: folds 
pipinoelbreve9: folds 
Abrelatas787: folds 
Grilo9: calls €0.04
*** FLOP *** [6c 7s 8s]
Grilo9: checks 
CORDEVIGO: checks 
*** TURN *** [6c 7s 8s] [Tc]
Grilo9: bets €0.12
CORDEVIGO: calls €0.12
*** RIVER *** [6c 7s 8s Tc] [Ks]
Grilo9: bets €0.35
CORDEVIGO: folds 
Uncalled bet (€0.35) returned to Grilo9
Grilo9 collected €0.35 from pot
Grilo9: doesn't show hand 
*** SUMMARY ***
Total pot €0.37 | Rake €0.02 
Board [6c 7s 8s Tc Ks]
Seat 1: pipinoelbreve9 (button) folded before Flop (didn't bet)
Seat 2: Abrelatas787 (small blind) folded before Flop
Seat 3: Grilo9 (big blind) collected (€0.35)
Seat 4: CORDEVIGO folded on the River
Seat 5: 76jusab76 folded before Flop (didn't bet)
Seat 6: typh00n27 folded before Flop (didn't bet)



PokerStars Zoom Hand #257576429677:  Hold'em No Limit (€0.01/€0.02) - 2025/09/01 23:45:50 CET [2025/09/01 17:45:50 ET]
Table 'Arneb' 6-max Seat #1 is the button
Seat 1: manolocash (€3.04 in chips) 
Seat 2: Apdwins (€2.12 in chips) 
Seat 3: Torreker (€1.79 in chips) 
Seat 4: socramich44 (€3.17 in chips) 
Seat 5: pipinoelbreve9 (€2 in chips) 
Seat 6: NeoArjelMaTuer (€4.98 in chips) 
Apdwins: posts small blind €0.01
Torreker: posts big blind €0.02
*** HOLE CARDS ***
Dealt to pipinoelbreve9 [As Ad]
socramich44: folds 
pipinoelbreve9: raises €0.04 to €0.06
NeoArjelMaTuer: folds 
manolocash: calls €0.06
Apdwins: folds 
Torreker: folds 
*** FLOP *** [7c Js Jh]
pipinoelbreve9: bets €0.05
manolocash: calls €0.05
*** TURN *** [7c Js Jh] [Kh]
pipinoelbreve9: bets €0.14
manolocash: calls €0.14
*** RIVER *** [7c Js Jh Kh] [Jc]
pipinoelbreve9: bets €1.75 and is all-in
manolocash: folds 
Uncalled bet (€1.75) returned to pipinoelbreve9
pipinoelbreve9 collected €0.50 from pot
pipinoelbreve9: doesn't show hand 
*** SUMMARY ***
Total pot €0.53 | Rake €0.03 
Board [7c Js Jh Kh Jc]
Seat 1: manolocash (button) folded on the River
Seat 2: Apdwins (small blind) folded before Flop
Seat 3: Torreker (big blind) folded before Flop
Seat 4: socramich44 folded before Flop (didn't bet)
Seat 5: pipinoelbreve9 collected (€0.50)
Seat 6: NeoArjelMaTuer folded before Flop (didn't bet)



PokerStars Zoom Hand #257576439978:  Hold'em No Limit (€0.01/€0.02) - 2025/09/01 23:46:33 CET [2025/09/01 17:46:33 ET]
Table 'Arneb' 6-max Seat #1 is the button
Seat 1: combinius1 (€2.01 in chips) 
Seat 2: Ischadia (€7.16 in chips) 
Seat 3: pipinoelbreve9 (€2.25 in chips) 
Seat 4: Cyrille51971 (€3.61 in chips) 
Seat 5: POUPIOU65 (€2.81 in chips) 
Seat 6: Abrelatas787 (€2.36 in chips) 
Ischadia: posts small blind €0.01
pipinoelbreve9: posts big blind €0.02
*** HOLE CARDS ***
Dealt to pipinoelbreve9 [3s 9d]
Cyrille51971: folds 
POUPIOU65: raises €0.03 to €0.05
Abrelatas787: folds 
combinius1: folds 
Ischadia: folds 
pipinoelbreve9: folds 
Uncalled bet (€0.03) returned to POUPIOU65
POUPIOU65 collected €0.05 from pot
POUPIOU65: doesn't show hand 
*** SUMMARY ***
Total pot €0.05 | Rake €0 
Seat 1: combinius1 (button) folded before Flop (didn't bet)
Seat 2: Ischadia (small blind) folded before Flop
Seat 3: pipinoelbreve9 (big blind) folded before Flop
Seat 4: Cyrille51971 folded before Flop (didn't bet)
Seat 5: POUPIOU65 collected (€0.05)
Seat 6: Abrelatas787 folded before Flop (didn't bet)



PokerStars Zoom Hand #257576442183:  Hold'em No Limit (€0.01/€0.02) - 2025/09/01 23:46:43 CET [2025/09/01 17:46:43 ET]
Table 'Arneb' 6-max Seat #1 is the button
Seat 1: juanlu2000china (€6.14 in chips) 
Seat 2: LGC04 (€1.98 in chips) 
Seat 3: janjos69 (€1.61 in chips) 
Seat 4: simbadkiller (€0.36 in chips) 
Seat 5: D Tasmania (€2.86 in chips) 
Seat 6: pipinoelbreve9 (€2.23 in chips) 
LGC04: posts small blind €0.01
janjos69: posts big blind €0.02
*** HOLE CARDS ***
Dealt to pipinoelbreve9 [Ac 7s]
simbadkiller: folds 
D Tasmania: folds 
pipinoelbreve9: folds 
juanlu2000china: folds 
LGC04: folds 
Uncalled bet (€0.01) returned to janjos69
janjos69 collected €0.02 from pot
janjos69: doesn't show hand 
*** SUMMARY ***
Total pot €0.02 | Rake €0 
Seat 1: juanlu2000china (button) folded before Flop (didn't bet)
Seat 2: LGC04 (small blind) folded before Flop
Seat 3: janjos69 (big blind) collected (€0.02)
Seat 4: simbadkiller folded before Flop (didn't bet)
Seat 5: D Tasmania folded before Flop (didn't bet)
Seat 6: pipinoelbreve9 folded before Flop (didn't bet)



PokerStars Zoom Hand #257576445321:  Hold'em No Limit (€0.01/€0.02) - 2025/09/01 23:46:56 CET [2025/09/01 17:46:56 ET]
Table 'Arneb' 6-max Seat #1 is the button
Seat 1: MIJL13 (€3.70 in chips) 
Seat 2: pipinoelbreve9 (€2.23 in chips) 
Seat 3: Omaratm27 (€2.02 in chips) 
Seat 4: Ujfalusi87 (€2.32 in chips) 
Seat 5: LGC04 (€1.97 in chips) 
Seat 6: D Tasmania (€2.86 in chips) 
pipinoelbreve9: posts small blind €0.01
Omaratm27: posts big blind €0.02
*** HOLE CARDS ***
Dealt to pipinoelbreve9 [9c Jh]
Ujfalusi87: folds 
LGC04: raises €0.02 to €0.04
D Tasmania: folds 
MIJL13: folds 
pipinoelbreve9: folds 
Omaratm27: calls €0.02
*** FLOP *** [4h 8h 2d]
Omaratm27: checks 
LGC04: bets €0.04
Omaratm27: raises €0.08 to €0.12
LGC04: calls €0.08
*** TURN *** [4h 8h 2d] [3h]
Omaratm27: bets €0.16
LGC04: calls €0.16
*** RIVER *** [4h 8h 2d 3h] [Th]
Omaratm27: checks 
LGC04: checks 
*** SHOW DOWN ***
Omaratm27: shows [8c Ad] (a pair of Eights)
LGC04: shows [Kc Kd] (a pair of Kings)
LGC04 collected €0.62 from pot
*** SUMMARY ***
Total pot €0.65 | Rake €0.03 
Board [4h 8h 2d 3h Th]
Seat 1: MIJL13 (button) folded before Flop (didn't bet)
Seat 2: pipinoelbreve9 (small blind) folded before Flop
Seat 3: Omaratm27 (big blind) showed [8c Ad] and lost with a pair of Eights
Seat 4: Ujfalusi87 folded before Flop (didn't bet)
Seat 5: LGC04 showed [Kc Kd] and won (€0.62) with a pair of Kings
Seat 6: D Tasmania folded before Flop (didn't bet)



PokerStars Zoom Hand #257576446483:  Hold'em No Limit (€0.01/€0.02) - 2025/09/01 23:47:01 CET [2025/09/01 17:47:01 ET]
Table 'Arneb' 6-max Seat #1 is the button
Seat 1: Ujfalusi87 (€2.75 in chips) 
Seat 2: typh00n27 (€2.50 in chips) 
Seat 3: josep10965 (€2 in chips) 
Seat 4: pipinoelbreve9 (€2.22 in chips) 
Seat 5: TomCruisin (€2.64 in chips) 
Seat 6: BestiaESP12 (€2.04 in chips) 
typh00n27: posts small blind €0.01
josep10965: posts big blind €0.02
*** HOLE CARDS ***
Dealt to pipinoelbreve9 [Jh Kd]
pipinoelbreve9: raises €0.04 to €0.06
TomCruisin: folds 
BestiaESP12: folds 
Ujfalusi87: folds 
typh00n27: folds 
josep10965: calls €0.04
*** FLOP *** [6d Js Ks]
josep10965: checks 
pipinoelbreve9: bets €0.04
josep10965: folds 
Uncalled bet (€0.04) returned to pipinoelbreve9
pipinoelbreve9 collected €0.12 from pot
pipinoelbreve9: doesn't show hand 
*** SUMMARY ***
Total pot €0.13 | Rake €0.01 
Board [6d Js Ks]
Seat 1: Ujfalusi87 (button) folded before Flop (didn't bet)
Seat 2: typh00n27 (small blind) folded before Flop
Seat 3: josep10965 (big blind) folded on the Flop
Seat 4: pipinoelbreve9 collected (€0.12)
Seat 5: TomCruisin folded before Flop (didn't bet)
Seat 6: BestiaESP12 folded before Flop (didn't bet)



PokerStars Zoom Hand #257576455493:  Hold'em No Limit (€0.01/€0.02) - 2025/09/01 23:47:38 CET [2025/09/01 17:47:38 ET]
Table 'Arneb' 6-max Seat #1 is the button
Seat 1: pipinoelbreve9 (€2.28 in chips) 
Seat 2: manolocash (€2.71 in chips) 
Seat 3: RichyPozo (€2.59 in chips) 
Seat 4: simbadkiller (€0.41 in chips) 
Seat 5: Grilo9 (€2.17 in chips) 
Seat 6: D Tasmania (€2.83 in chips) 
manolocash: posts small blind €0.01
RichyPozo: posts big blind €0.02
*** HOLE CARDS ***
Dealt to pipinoelbreve9 [Ks Qc]
simbadkiller: folds 
Grilo9: folds 
D Tasmania: folds 
pipinoelbreve9: raises €0.04 to €0.06
manolocash: calls €0.05
RichyPozo: calls €0.04
*** FLOP *** [7c Ts 9h]
manolocash: checks 
RichyPozo: checks 
pipinoelbreve9: bets €0.07
manolocash: folds 
RichyPozo: calls €0.07
*** TURN *** [7c Ts 9h] [6c]
RichyPozo: checks 
pipinoelbreve9: checks 
*** RIVER *** [7c Ts 9h 6c] [5h]
RichyPozo: checks 
pipinoelbreve9: bets €0.13
RichyPozo: folds 
Uncalled bet (€0.13) returned to pipinoelbreve9
pipinoelbreve9 collected €0.30 from pot
pipinoelbreve9: doesn't show hand 
*** SUMMARY ***
Total pot €0.32 | Rake €0.02 
Board [7c Ts 9h 6c 5h]
Seat 1: pipinoelbreve9 (button) collected (€0.30)
Seat 2: manolocash (small blind) folded on the Flop
Seat 3: RichyPozo (big blind) folded on the River
Seat 4: simbadkiller folded before Flop (didn't bet)
Seat 5: Grilo9 folded before Flop (didn't bet)
Seat 6: D Tasmania folded before Flop (didn't bet)



PokerStars Zoom Hand #257576475247:  Hold'em No Limit (€0.01/€0.02) - 2025/09/01 23:49:00 CET [2025/09/01 17:49:00 ET]
Table 'Arneb' 6-max Seat #1 is the button
Seat 1: TomCruisin (€2.73 in chips) 
Seat 2: asugpoint (€2.29 in chips) 
Seat 3: pipinoelbreve9 (€2.45 in chips) 
Seat 4: tanoun1 (€2 in chips) 
Seat 5: Omaratm27 (€1.73 in chips) 
Seat 6: ice 1pact (€0.84 in chips) 
asugpoint: posts small blind €0.01
pipinoelbreve9: posts big blind €0.02
*** HOLE CARDS ***
Dealt to pipinoelbreve9 [8s 4d]
tanoun1: folds 
Omaratm27: folds 
ice 1pact: folds 
TomCruisin: folds 
asugpoint: raises €0.04 to €0.06
pipinoelbreve9: folds 
Uncalled bet (€0.04) returned to asugpoint
asugpoint collected €0.04 from pot
asugpoint: doesn't show hand 
*** SUMMARY ***
Total pot €0.04 | Rake €0 
Seat 1: TomCruisin (button) folded before Flop (didn't bet)
Seat 2: asugpoint (small blind) collected (€0.04)
Seat 3: pipinoelbreve9 (big blind) folded before Flop
Seat 4: tanoun1 folded before Flop (didn't bet)
Seat 5: Omaratm27 folded before Flop (didn't bet)
Seat 6: ice 1pact folded before Flop (didn't bet)



PokerStars Zoom Hand #257576474371:  Hold'em No Limit (€0.01/€0.02) - 2025/09/01 23:48:57 CET [2025/09/01 17:48:57 ET]
Table 'Arneb' 6-max Seat #1 is the button
Seat 1: LGC04 (€1.85 in chips) 
Seat 2: Omaratm27 (€1.74 in chips) 
Seat 3: josep10965 (€2 in chips) 
Seat 4: ercorduva (€1 in chips) 
Seat 5: RedShark1976 (€2.19 in chips) 
Seat 6: pipinoelbreve9 (€2.45 in chips) 
Omaratm27: posts small blind €0.01
josep10965: posts big blind €0.02
*** HOLE CARDS ***
Dealt to pipinoelbreve9 [5h 6c]
ercorduva: folds 
RedShark1976: raises €0.04 to €0.06
pipinoelbreve9: folds 
LGC04: folds 
Omaratm27: folds 
josep10965: folds 
Uncalled bet (€0.04) returned to RedShark1976
RedShark1976 collected €0.05 from pot
RedShark1976: doesn't show hand 
*** SUMMARY ***
Total pot €0.05 | Rake €0 
Seat 1: LGC04 (button) folded before Flop (didn't bet)
Seat 2: Omaratm27 (small blind) folded before Flop
Seat 3: josep10965 (big blind) folded before Flop
Seat 4: ercorduva folded before Flop (didn't bet)
Seat 5: RedShark1976 collected (€0.05)
Seat 6: pipinoelbreve9 folded before Flop (didn't bet)



PokerStars Zoom Hand #257576485979:  Hold'em No Limit (€0.01/€0.02) - 2025/09/01 23:49:46 CET [2025/09/01 17:49:46 ET]
Table 'Arneb' 6-max Seat #1 is the button
Seat 1: Tropki (€2.05 in chips) 
Seat 2: Omaratm27 (€1.82 in chips) 
Seat 3: QUIQUE JONES (€0.99 in chips) 
Seat 4: A Besta 666 (€4.11 in chips) 
Seat 5: jabsc (€0.99 in chips) 
Seat 6: pipinoelbreve9 (€2.38 in chips) 
Omaratm27: posts small blind €0.01
QUIQUE JONES: posts big blind €0.02
*** HOLE CARDS ***
Dealt to pipinoelbreve9 [5c 8s]
A Besta 666: folds 
jabsc: folds 
pipinoelbreve9: folds 
Tropki: raises €0.03 to €0.05
Omaratm27: folds 
QUIQUE JONES: folds 
Uncalled bet (€0.03) returned to Tropki
Tropki collected €0.05 from pot
Tropki: doesn't show hand 
*** SUMMARY ***
Total pot €0.05 | Rake €0 
Seat 1: Tropki (button) collected (€0.05)
Seat 2: Omaratm27 (small blind) folded before Flop
Seat 3: QUIQUE JONES (big blind) folded before Flop
Seat 4: A Besta 666 folded before Flop (didn't bet)
Seat 5: jabsc folded before Flop (didn't bet)
Seat 6: pipinoelbreve9 folded before Flop (didn't bet)



PokerStars Zoom Hand #257576473356:  Hold'em No Limit (€0.01/€0.02) - 2025/09/01 23:48:52 CET [2025/09/01 17:48:52 ET]
Table 'Arneb' 6-max Seat #1 is the button
Seat 1: ZixZ596 (€0.89 in chips) 
Seat 2: janjos69 (€2.36 in chips) 
Seat 3: juanlu2000china (€5.83 in chips) 
Seat 4: pipinoelbreve9 (€2.45 in chips) 
Seat 5: Chichoampuero12 (€3.46 in chips) 
Seat 6: Omaratm27 (€1.74 in chips) 
janjos69: posts small blind €0.01
juanlu2000china: posts big blind €0.02
*** HOLE CARDS ***
Dealt to pipinoelbreve9 [4h 6d]
pipinoelbreve9: folds 
Chichoampuero12: raises €0.03 to €0.05
Omaratm27: folds 
ZixZ596: folds 
janjos69: calls €0.04
juanlu2000china: folds 
*** FLOP *** [Ts Kh 8h]
janjos69: checks 
Chichoampuero12: checks 
*** TURN *** [Ts Kh 8h] [7h]
janjos69: checks 
Chichoampuero12: checks 
*** RIVER *** [Ts Kh 8h 7h] [Jh]
janjos69: checks 
Chichoampuero12: checks 
*** SHOW DOWN ***
janjos69: shows [9c 9d] (a straight, Seven to Jack)
Chichoampuero12: mucks hand 
janjos69 collected €0.11 from pot
*** SUMMARY ***
Total pot €0.12 | Rake €0.01 
Board [Ts Kh 8h 7h Jh]
Seat 1: ZixZ596 (button) folded before Flop (didn't bet)
Seat 2: janjos69 (small blind) showed [9c 9d] and won (€0.11) with a straight, Seven to Jack
Seat 3: juanlu2000china (big blind) folded before Flop
Seat 4: pipinoelbreve9 folded before Flop (didn't bet)
Seat 5: Chichoampuero12 mucked [2c Ac]
Seat 6: Omaratm27 folded before Flop (didn't bet)



PokerStars Zoom Hand #257576487842:  Hold'em No Limit (€0.01/€0.02) - 2025/09/01 23:49:53 CET [2025/09/01 17:49:53 ET]
Table 'Arneb' 6-max Seat #1 is the button
Seat 1: Xoseanro510 (€2 in chips) 
Seat 2: pipinoelbreve9 (€2.38 in chips) 
Seat 3: winie66 (€1.55 in chips) 
Seat 4: Ischadia (€2.20 in chips) 
Seat 5: LGC04 (€1.64 in chips) 
Seat 6: moeda negra (€0.96 in chips) 
pipinoelbreve9: posts small blind €0.01
winie66: posts big blind €0.02
*** HOLE CARDS ***
Dealt to pipinoelbreve9 [Ks 2s]
Ischadia: folds 
LGC04: folds 
moeda negra: raises €0.02 to €0.04
Xoseanro510: folds 
pipinoelbreve9: folds 
winie66: folds 
Uncalled bet (€0.02) returned to moeda negra
moeda negra collected €0.05 from pot
moeda negra: doesn't show hand 
*** SUMMARY ***
Total pot €0.05 | Rake €0 
Seat 1: Xoseanro510 (button) folded before Flop (didn't bet)
Seat 2: pipinoelbreve9 (small blind) folded before Flop
Seat 3: winie66 (big blind) folded before Flop
Seat 4: Ischadia folded before Flop (didn't bet)
Seat 5: LGC04 folded before Flop (didn't bet)
Seat 6: moeda negra collected (€0.05)



PokerStars Zoom Hand #257576489870:  Hold'em No Limit (€0.01/€0.02) - 2025/09/01 23:50:02 CET [2025/09/01 17:50:02 ET]
Table 'Arneb' 6-max Seat #1 is the button
Seat 1: Topuluz33 (€2 in chips) 
Seat 2: winie66 (€1.53 in chips) 
Seat 3: pipinoelbreve9 (€2.37 in chips) 
Seat 4: gus1231 (€0.06 in chips) 
Seat 5: ergordi88 (€1.51 in chips) 
Seat 6: chivi71 (€1.55 in chips) 
winie66: posts small blind €0.01
pipinoelbreve9: posts big blind €0.02
*** HOLE CARDS ***
Dealt to pipinoelbreve9 [5h 3d]
gus1231: calls €0.02
ergordi88: calls €0.02
chivi71: folds 
Topuluz33: folds 
winie66: folds 
pipinoelbreve9: checks 
*** FLOP *** [Kc 5s Jc]
pipinoelbreve9: checks 
gus1231: checks 
ergordi88: bets €0.02
pipinoelbreve9: folds 
gus1231: folds 
Uncalled bet (€0.02) returned to ergordi88
ergordi88 collected €0.07 from pot
ergordi88: doesn't show hand 
*** SUMMARY ***
Total pot €0.07 | Rake €0 
Board [Kc 5s Jc]
Seat 1: Topuluz33 (button) folded before Flop (didn't bet)
Seat 2: winie66 (small blind) folded before Flop
Seat 3: pipinoelbreve9 (big blind) folded on the Flop
Seat 4: gus1231 folded on the Flop
Seat 5: ergordi88 collected (€0.07)
Seat 6: chivi71 folded before Flop (didn't bet)



PokerStars Zoom Hand #257576486850:  Hold'em No Limit (€0.01/€0.02) - 2025/09/01 23:49:49 CET [2025/09/01 17:49:49 ET]
Table 'Arneb' 6-max Seat #1 is the button
Seat 1: RichyPozo (€2.51 in chips) 
Seat 2: A Besta 666 (€4.11 in chips) 
Seat 3: typh00n27 (€3.40 in chips) 
Seat 4: combinius1 (€2.03 in chips) 
Seat 5: pipinoelbreve9 (€2.38 in chips) 
Seat 6: Ischadia (€2.20 in chips) 
A Besta 666: posts small blind €0.01
typh00n27: posts big blind €0.02
*** HOLE CARDS ***
Dealt to pipinoelbreve9 [6s 9d]
combinius1: folds 
pipinoelbreve9: folds 
Ischadia: folds 
RichyPozo: calls €0.02
A Besta 666: calls €0.01
typh00n27: raises €0.06 to €0.08
RichyPozo: calls €0.06
A Besta 666: folds 
*** FLOP *** [Jh 4d 9c]
typh00n27: checks 
RichyPozo: checks 
*** TURN *** [Jh 4d 9c] [5h]
typh00n27: checks 
RichyPozo: checks 
*** RIVER *** [Jh 4d 9c 5h] [Ks]
typh00n27: bets €0.17
RichyPozo: folds 
Uncalled bet (€0.17) returned to typh00n27
typh00n27 collected €0.17 from pot
typh00n27: doesn't show hand 
*** SUMMARY ***
Total pot €0.18 | Rake €0.01 
Board [Jh 4d 9c 5h Ks]
Seat 1: RichyPozo (button) folded on the River
Seat 2: A Besta 666 (small blind) folded before Flop
Seat 3: typh00n27 (big blind) collected (€0.17)
Seat 4: combinius1 folded before Flop (didn't bet)
Seat 5: pipinoelbreve9 folded before Flop (didn't bet)
Seat 6: Ischadia folded before Flop (didn't bet)



PokerStars Zoom Hand #257576478910:  Hold'em No Limit (€0.01/€0.02) - 2025/09/01 23:49:16 CET [2025/09/01 17:49:16 ET]
Table 'Arneb' 6-max Seat #1 is the button
Seat 1: pipinoelbreve9 (€2.43 in chips) 
Seat 2: crcafe (€3.27 in chips) 
Seat 3: lngk852305 (€3.48 in chips) 
Seat 4: BestiaESP12 (€2.03 in chips) 
Seat 5: YreneAb (€2.03 in chips) 
Seat 6: A Besta 666 (€3.40 in chips) 
crcafe: posts small blind €0.01
lngk852305: posts big blind €0.02
*** HOLE CARDS ***
Dealt to pipinoelbreve9 [Tc Qc]
BestiaESP12: raises €0.03 to €0.05
YreneAb: calls €0.05
A Besta 666: folds 
pipinoelbreve9: calls €0.05
crcafe: folds 
lngk852305: calls €0.03
*** FLOP *** [4c 2s 3h]
lngk852305: checks 
BestiaESP12: bets €0.08
YreneAb: calls €0.08
pipinoelbreve9: folds 
lngk852305: calls €0.08
*** TURN *** [4c 2s 3h] [7s]
lngk852305: checks 
BestiaESP12: bets €0.38
YreneAb: calls €0.38
lngk852305: folds 
*** RIVER *** [4c 2s 3h 7s] [5d]
BestiaESP12: checks 
YreneAb: bets €0.58
BestiaESP12: calls €0.58
*** SHOW DOWN ***
YreneAb: shows [6s 6d] (a straight, Three to Seven)
BestiaESP12: mucks hand 
YreneAb collected €2.25 from pot
*** SUMMARY ***
Total pot €2.37 | Rake €0.12 
Board [4c 2s 3h 7s 5d]
Seat 1: pipinoelbreve9 (button) folded on the Flop
Seat 2: crcafe (small blind) folded before Flop
Seat 3: lngk852305 (big blind) folded on the Turn
Seat 4: BestiaESP12 mucked [As 5s]
Seat 5: YreneAb showed [6s 6d] and won (€2.25) with a straight, Three to Seven
Seat 6: A Besta 666 folded before Flop (didn't bet)



PokerStars Zoom Hand #257576496549:  Hold'em No Limit (€0.01/€0.02) - 2025/09/01 23:50:30 CET [2025/09/01 17:50:30 ET]
Table 'Arneb' 6-max Seat #1 is the button
Seat 1: tanoun1 (€2 in chips) 
Seat 2: moeda negra (€0.96 in chips) 
Seat 3: Filipa_M856 (€1.57 in chips) 
Seat 4: ergordi88 (€1.76 in chips) 
Seat 5: pipinoelbreve9 (€2.35 in chips) 
Seat 6: visantico (€1.16 in chips) 
moeda negra: posts small blind €0.01
Filipa_M856: posts big blind €0.02
*** HOLE CARDS ***
Dealt to pipinoelbreve9 [Jd Qs]
ergordi88: folds 
pipinoelbreve9: raises €0.04 to €0.06
visantico: folds 
tanoun1: folds 
moeda negra: calls €0.05
Filipa_M856: folds 
*** FLOP *** [3c Td 2c]
moeda negra: checks 
pipinoelbreve9: bets €0.05
moeda negra: calls €0.05
*** TURN *** [3c Td 2c] [Tc]
moeda negra: checks 
pipinoelbreve9: checks 
*** RIVER *** [3c Td 2c Tc] [5d]
moeda negra: bets €0.23
pipinoelbreve9: folds 
Uncalled bet (€0.23) returned to moeda negra
moeda negra collected €0.23 from pot
moeda negra: doesn't show hand 
*** SUMMARY ***
Total pot €0.24 | Rake €0.01 
Board [3c Td 2c Tc 5d]
Seat 1: tanoun1 (button) folded before Flop (didn't bet)
Seat 2: moeda negra (small blind) collected (€0.23)
Seat 3: Filipa_M856 (big blind) folded before Flop
Seat 4: ergordi88 folded before Flop (didn't bet)
Seat 5: pipinoelbreve9 folded on the River
Seat 6: visantico folded before Flop (didn't bet)



PokerStars Zoom Hand #257576510645:  Hold'em No Limit (€0.01/€0.02) - 2025/09/01 23:51:30 CET [2025/09/01 17:51:30 ET]
Table 'Arneb' 6-max Seat #1 is the button
Seat 1: pipinoelbreve9 (€2.24 in chips) 
Seat 2: janjos69 (€2.37 in chips) 
Seat 3: tanoun1 (€2 in chips) 
Seat 4: A Besta 666 (€2.39 in chips) 
Seat 5: chivi71 (€1.36 in chips) 
Seat 6: juanlu2000china (€5.95 in chips) 
janjos69: posts small blind €0.01
tanoun1: posts big blind €0.02
*** HOLE CARDS ***
Dealt to pipinoelbreve9 [Kc 3s]
A Besta 666: folds 
chivi71: folds 
juanlu2000china: folds 
pipinoelbreve9: folds 
janjos69: folds 
Uncalled bet (€0.01) returned to tanoun1
tanoun1 collected €0.02 from pot
tanoun1: doesn't show hand 
*** SUMMARY ***
Total pot €0.02 | Rake €0 
Seat 1: pipinoelbreve9 (button) folded before Flop (didn't bet)
Seat 2: janjos69 (small blind) folded before Flop
Seat 3: tanoun1 (big blind) collected (€0.02)
Seat 4: A Besta 666 folded before Flop (didn't bet)
Seat 5: chivi71 folded before Flop (didn't bet)
Seat 6: juanlu2000china folded before Flop (didn't bet)



PokerStars Zoom Hand #257576513043:  Hold'em No Limit (€0.01/€0.02) - 2025/09/01 23:51:40 CET [2025/09/01 17:51:40 ET]
Table 'Arneb' 6-max Seat #1 is the button
Seat 1: PkBcN15 (€2.15 in chips) 
Seat 2: LGC04 (€2.38 in chips) 
Seat 3: Grilo9 (€2 in chips) 
Seat 4: pipinoelbreve9 (€2.23 in chips) 
Seat 5: EiramSenpai (€2.37 in chips) 
Seat 6: tanoun1 (€3.66 in chips) 
LGC04: posts small blind €0.01
Grilo9: posts big blind €0.02
*** HOLE CARDS ***
Dealt to pipinoelbreve9 [Th 2h]
pipinoelbreve9: folds 
EiramSenpai: folds 
tanoun1: folds 
PkBcN15: calls €0.02
LGC04: folds 
Grilo9: raises €0.10 to €0.12
PkBcN15: folds 
Uncalled bet (€0.10) returned to Grilo9
Grilo9 collected €0.05 from pot
Grilo9: doesn't show hand 
*** SUMMARY ***
Total pot €0.05 | Rake €0 
Seat 1: PkBcN15 (button) folded before Flop
Seat 2: LGC04 (small blind) folded before Flop
Seat 3: Grilo9 (big blind) collected (€0.05)
Seat 4: pipinoelbreve9 folded before Flop (didn't bet)
Seat 5: EiramSenpai folded before Flop (didn't bet)
Seat 6: tanoun1 folded before Flop (didn't bet)



PokerStars Zoom Hand #257576514164:  Hold'em No Limit (€0.01/€0.02) - 2025/09/01 23:51:45 CET [2025/09/01 17:51:45 ET]
Table 'Arneb' 6-max Seat #1 is the button
Seat 1: Abrelatas787 (€2.22 in chips) 
Seat 2: jsaga (€2.44 in chips) 
Seat 3: LGC04 (€2.37 in chips) 
Seat 4: pipinoelbreve9 (€2.23 in chips) 
Seat 5: ice 1pact (€0.74 in chips) 
Seat 6: Omaratm27 (€1.77 in chips) 
jsaga: posts small blind €0.01
LGC04: posts big blind €0.02
*** HOLE CARDS ***
Dealt to pipinoelbreve9 [Qc Ac]
pipinoelbreve9: raises €0.04 to €0.06
ice 1pact: folds 
Omaratm27: folds 
Abrelatas787: folds 
jsaga: folds 
LGC04: folds 
Uncalled bet (€0.04) returned to pipinoelbreve9
pipinoelbreve9 collected €0.05 from pot
pipinoelbreve9: doesn't show hand 
*** SUMMARY ***
Total pot €0.05 | Rake €0 
Seat 1: Abrelatas787 (button) folded before Flop (didn't bet)
Seat 2: jsaga (small blind) folded before Flop
Seat 3: LGC04 (big blind) folded before Flop
Seat 4: pipinoelbreve9 collected (€0.05)
Seat 5: ice 1pact folded before Flop (didn't bet)
Seat 6: Omaratm27 folded before Flop (didn't bet)



PokerStars Zoom Hand #257576519991:  Hold'em No Limit (€0.01/€0.02) - 2025/09/01 23:52:09 CET [2025/09/01 17:52:09 ET]
Table 'Arneb' 6-max Seat #1 is the button
Seat 1: tanoun1 (€2 in chips) 
Seat 2: Xoseanro510 (€2.12 in chips) 
Seat 3: typh00n27 (€2.67 in chips) 
Seat 4: Grilo9 (€2 in chips) 
Seat 5: pipinoelbreve9 (€2.26 in chips) 
Seat 6: Omaratm27 (€1.75 in chips) 
Xoseanro510: posts small blind €0.01
typh00n27: posts big blind €0.02
*** HOLE CARDS ***
Dealt to pipinoelbreve9 [Kc 9c]
Grilo9: folds 
pipinoelbreve9: raises €0.04 to €0.06
Omaratm27: folds 
tanoun1: folds 
Xoseanro510: folds 
typh00n27: folds 
Uncalled bet (€0.04) returned to pipinoelbreve9
pipinoelbreve9 collected €0.05 from pot
pipinoelbreve9: doesn't show hand 
*** SUMMARY ***
Total pot €0.05 | Rake €0 
Seat 1: tanoun1 (button) folded before Flop (didn't bet)
Seat 2: Xoseanro510 (small blind) folded before Flop
Seat 3: typh00n27 (big blind) folded before Flop
Seat 4: Grilo9 folded before Flop (didn't bet)
Seat 5: pipinoelbreve9 collected (€0.05)
Seat 6: Omaratm27 folded before Flop (didn't bet)



PokerStars Zoom Hand #257576518108:  Hold'em No Limit (€0.01/€0.02) - 2025/09/01 23:52:01 CET [2025/09/01 17:52:01 ET]
Table 'Arneb' 6-max Seat #1 is the button
Seat 1: PkBcN15 (€2.06 in chips) 
Seat 2: A Besta 666 (€1.96 in chips) 
Seat 3: Rebelpink (€1.77 in chips) 
Seat 4: BestiaESP12 (€2 in chips) 
Seat 5: D Tasmania (€2.93 in chips) 
Seat 6: pipinoelbreve9 (€2.26 in chips) 
A Besta 666: posts small blind €0.01
Rebelpink: posts big blind €0.02
*** HOLE CARDS ***
Dealt to pipinoelbreve9 [Qd 9s]
BestiaESP12: folds 
D Tasmania: raises €0.03 to €0.05
pipinoelbreve9: folds 
PkBcN15: folds 
A Besta 666: folds 
Rebelpink: calls €0.03
*** FLOP *** [6h 4h Qs]
Rebelpink: checks 
D Tasmania: checks 
*** TURN *** [6h 4h Qs] [4c]
Rebelpink: checks 
D Tasmania: bets €0.03
Rebelpink: folds 
Uncalled bet (€0.03) returned to D Tasmania
D Tasmania collected €0.10 from pot
D Tasmania: doesn't show hand 
*** SUMMARY ***
Total pot €0.11 | Rake €0.01 
Board [6h 4h Qs 4c]
Seat 1: PkBcN15 (button) folded before Flop (didn't bet)
Seat 2: A Besta 666 (small blind) folded before Flop
Seat 3: Rebelpink (big blind) folded on the Turn
Seat 4: BestiaESP12 folded before Flop (didn't bet)
Seat 5: D Tasmania collected (€0.10)
Seat 6: pipinoelbreve9 folded before Flop (didn't bet)



PokerStars Zoom Hand #257576523152:  Hold'em No Limit (€0.01/€0.02) - 2025/09/01 23:52:23 CET [2025/09/01 17:52:23 ET]
Table 'Arneb' 6-max Seat #1 is the button
Seat 1: 350ZJHN (€2 in chips) 
Seat 2: socramich44 (€1.91 in chips) 
Seat 3: pipinoelbreve9 (€2.29 in chips) 
Seat 4: rodss52 (€2.25 in chips) 
Seat 5: Omaratm27 (€1.65 in chips) 
Seat 6: josep10965 (€2.05 in chips) 
socramich44: posts small blind €0.01
pipinoelbreve9: posts big blind €0.02
*** HOLE CARDS ***
Dealt to pipinoelbreve9 [3c 6s]
rodss52: folds 
Omaratm27: folds 
josep10965: folds 
350ZJHN: folds 
socramich44: folds 
Uncalled bet (€0.01) returned to pipinoelbreve9
pipinoelbreve9 collected €0.02 from pot
pipinoelbreve9: doesn't show hand 
*** SUMMARY ***
Total pot €0.02 | Rake €0 
Seat 1: 350ZJHN (button) folded before Flop (didn't bet)
Seat 2: socramich44 (small blind) folded before Flop
Seat 3: pipinoelbreve9 (big blind) collected (€0.02)
Seat 4: rodss52 folded before Flop (didn't bet)
Seat 5: Omaratm27 folded before Flop (didn't bet)
Seat 6: josep10965 folded before Flop (didn't bet)



PokerStars Zoom Hand #257576512177:  Hold'em No Limit (€0.01/€0.02) - 2025/09/01 23:51:36 CET [2025/09/01 17:51:36 ET]
Table 'Arneb' 6-max Seat #1 is the button
Seat 1: janjos69 (€1.22 in chips) 
Seat 2: pipinoelbreve9 (€2.24 in chips) 
Seat 3: Chichoampuero12 (€3.40 in chips) 
Seat 4: josep10965 (€2.11 in chips) 
Seat 5: ZixZ596 (€0.97 in chips) 
Seat 6: LGC04 (€2.38 in chips) 
pipinoelbreve9: posts small blind €0.01
Chichoampuero12: posts big blind €0.02
*** HOLE CARDS ***
Dealt to pipinoelbreve9 [2d As]
josep10965: folds 
ZixZ596: calls €0.02
LGC04: folds 
janjos69: raises €0.07 to €0.09
pipinoelbreve9: folds 
Chichoampuero12: folds 
ZixZ596: calls €0.07
*** FLOP *** [Ks Jc 5c]
ZixZ596: checks 
janjos69: bets €0.10
ZixZ596: calls €0.10
*** TURN *** [Ks Jc 5c] [3c]
ZixZ596: bets €0.02
janjos69: calls €0.02
*** RIVER *** [Ks Jc 5c 3c] [2s]
ZixZ596: bets €0.06
janjos69: calls €0.06
*** SHOW DOWN ***
ZixZ596: shows [3d Jd] (two pair, Jacks and Threes)
janjos69: mucks hand 
ZixZ596 collected €0.54 from pot
*** SUMMARY ***
Total pot €0.57 | Rake €0.03 
Board [Ks Jc 5c 3c 2s]
Seat 1: janjos69 (button) mucked [Ac Ah]
Seat 2: pipinoelbreve9 (small blind) folded before Flop
Seat 3: Chichoampuero12 (big blind) folded before Flop
Seat 4: josep10965 folded before Flop (didn't bet)
Seat 5: ZixZ596 showed [3d Jd] and won (€0.54) with two pair, Jacks and Threes
Seat 6: LGC04 folded before Flop (didn't bet)



