PokerStars Hand #257983607821: Tournament #3933676671, €0.46+€0.04 EUR Hold'em No Limit - Level I (10/20) - 2025/10/03 17:40:25 CET [2025/10/03 11:40:25 ET]
Table '3933676671 1' 3-max Seat #1 is the button
Seat 1: Mr. Buuuuu 5 (500 in chips) 
Seat 2: pipinoelbreve9 (500 in chips) 
Seat 3: Cebrillaros (500 in chips) 
pipinoelbreve9: posts small blind 10
Cebrillaros: posts big blind 20
*** HOLE CARDS ***
Dealt to pipinoelbreve9 [2s 7c]
Mr. Buuuuu 5: folds 
pipinoelbreve9: folds 
Uncalled bet (10) returned to Cebrillaros
Cebrillaros collected 20 from pot
*** SUMMARY ***
Total pot 20 | Rake 0 
Seat 1: Mr. Buuuuu 5 (button) folded before Flop (didn't bet)
Seat 2: pipinoelbreve9 (small blind) folded before Flop
Seat 3: Cebrillaros (big blind) collected (20)



PokerStars Hand #257983610139: Tournament #3933676671, €0.46+€0.04 EUR Hold'em No Limit - Level I (10/20) - 2025/10/03 17:40:38 CET [2025/10/03 11:40:38 ET]
Table '3933676671 1' 3-max Seat #2 is the button
Seat 1: Mr. Buuuuu 5 (500 in chips) 
Seat 2: pipinoelbreve9 (490 in chips) 
Seat 3: Cebrillaros (510 in chips) 
Cebrillaros: posts small blind 10
Mr. Buuuuu 5: posts big blind 20
*** HOLE CARDS ***
Dealt to pipinoelbreve9 [Td 9c]
pipinoelbreve9: raises 40 to 60
Cebrillaros: calls 50
Mr. Buuuuu 5: folds 
*** FLOP *** [Ac Qs 9d]
Cebrillaros: checks 
pipinoelbreve9: bets 70
Cebrillaros: folds 
Uncalled bet (70) returned to pipinoelbreve9
pipinoelbreve9 collected 140 from pot
pipinoelbreve9: doesn't show hand 
*** SUMMARY ***
Total pot 140 | Rake 0 
Board [Ac Qs 9d]
Seat 1: Mr. Buuuuu 5 (big blind) folded before Flop
Seat 2: pipinoelbreve9 (button) collected (140)
Seat 3: Cebrillaros (small blind) folded on the Flop



PokerStars Hand #257983614088: Tournament #3933676671, €0.46+€0.04 EUR Hold'em No Limit - Level I (10/20) - 2025/10/03 17:41:01 CET [2025/10/03 11:41:01 ET]
Table '3933676671 1' 3-max Seat #3 is the button
Seat 1: Mr. Buuuuu 5 (480 in chips) 
Seat 2: pipinoelbreve9 (570 in chips) 
Seat 3: Cebrillaros (450 in chips) 
Mr. Buuuuu 5: posts small blind 10
pipinoelbreve9: posts big blind 20
*** HOLE CARDS ***
Dealt to pipinoelbreve9 [Qd 9h]
Cebrillaros: folds 
Mr. Buuuuu 5: calls 10
pipinoelbreve9: checks 
*** FLOP *** [Js 3s Kh]
Mr. Buuuuu 5: checks 
pipinoelbreve9: bets 20
Mr. Buuuuu 5: folds 
Uncalled bet (20) returned to pipinoelbreve9
pipinoelbreve9 collected 40 from pot
pipinoelbreve9: doesn't show hand 
*** SUMMARY ***
Total pot 40 | Rake 0 
Board [Js 3s Kh]
Seat 1: Mr. Buuuuu 5 (small blind) folded on the Flop
Seat 2: pipinoelbreve9 (big blind) collected (40)
Seat 3: Cebrillaros (button) folded before Flop (didn't bet)



PokerStars Hand #257983617398: Tournament #3933676671, €0.46+€0.04 EUR Hold'em No Limit - Level I (10/20) - 2025/10/03 17:41:20 CET [2025/10/03 11:41:20 ET]
Table '3933676671 1' 3-max Seat #1 is the button
Seat 1: Mr. Buuuuu 5 (460 in chips) 
Seat 2: pipinoelbreve9 (590 in chips) 
Seat 3: Cebrillaros (450 in chips) 
pipinoelbreve9: posts small blind 10
Cebrillaros: posts big blind 20
*** HOLE CARDS ***
Dealt to pipinoelbreve9 [2s 4h]
Mr. Buuuuu 5: folds 
pipinoelbreve9: folds 
Uncalled bet (10) returned to Cebrillaros
Cebrillaros collected 20 from pot
*** SUMMARY ***
Total pot 20 | Rake 0 
Seat 1: Mr. Buuuuu 5 (button) folded before Flop (didn't bet)
Seat 2: pipinoelbreve9 (small blind) folded before Flop
Seat 3: Cebrillaros (big blind) collected (20)



PokerStars Hand #257983618441: Tournament #3933676671, €0.46+€0.04 EUR Hold'em No Limit - Level I (10/20) - 2025/10/03 17:41:26 CET [2025/10/03 11:41:26 ET]
Table '3933676671 1' 3-max Seat #2 is the button
Seat 1: Mr. Buuuuu 5 (460 in chips) 
Seat 2: pipinoelbreve9 (580 in chips) 
Seat 3: Cebrillaros (460 in chips) 
Cebrillaros: posts small blind 10
Mr. Buuuuu 5: posts big blind 20
*** HOLE CARDS ***
Dealt to pipinoelbreve9 [3c Jh]
pipinoelbreve9: folds 
Cebrillaros: folds 
Uncalled bet (10) returned to Mr. Buuuuu 5
Mr. Buuuuu 5 collected 20 from pot
Mr. Buuuuu 5: doesn't show hand 
*** SUMMARY ***
Total pot 20 | Rake 0 
Seat 1: Mr. Buuuuu 5 (big blind) collected (20)
Seat 2: pipinoelbreve9 (button) folded before Flop (didn't bet)
Seat 3: Cebrillaros (small blind) folded before Flop



PokerStars Hand #257983619656: Tournament #3933676671, €0.46+€0.04 EUR Hold'em No Limit - Level I (10/20) - 2025/10/03 17:41:33 CET [2025/10/03 11:41:33 ET]
Table '3933676671 1' 3-max Seat #3 is the button
Seat 1: Mr. Buuuuu 5 (470 in chips) 
Seat 2: pipinoelbreve9 (580 in chips) 
Seat 3: Cebrillaros (450 in chips) 
Mr. Buuuuu 5: posts small blind 10
pipinoelbreve9: posts big blind 20
*** HOLE CARDS ***
Dealt to pipinoelbreve9 [4c 4h]
Cebrillaros: folds 
Mr. Buuuuu 5: calls 10
pipinoelbreve9: raises 40 to 60
Mr. Buuuuu 5: calls 40
*** FLOP *** [Qc 2c Jd]
Mr. Buuuuu 5: bets 60
pipinoelbreve9: calls 60
*** TURN *** [Qc 2c Jd] [7d]
Mr. Buuuuu 5: bets 80
pipinoelbreve9: folds 
Uncalled bet (80) returned to Mr. Buuuuu 5
Mr. Buuuuu 5 collected 240 from pot
Mr. Buuuuu 5: doesn't show hand 
*** SUMMARY ***
Total pot 240 | Rake 0 
Board [Qc 2c Jd 7d]
Seat 1: Mr. Buuuuu 5 (small blind) collected (240)
Seat 2: pipinoelbreve9 (big blind) folded on the Turn
Seat 3: Cebrillaros (button) folded before Flop (didn't bet)



PokerStars Hand #257983624696: Tournament #3933676671, €0.46+€0.04 EUR Hold'em No Limit - Level I (10/20) - 2025/10/03 17:42:02 CET [2025/10/03 11:42:02 ET]
Table '3933676671 1' 3-max Seat #1 is the button
Seat 1: Mr. Buuuuu 5 (590 in chips) 
Seat 2: pipinoelbreve9 (460 in chips) 
Seat 3: Cebrillaros (450 in chips) 
pipinoelbreve9: posts small blind 10
Cebrillaros: posts big blind 20
*** HOLE CARDS ***
Dealt to pipinoelbreve9 [2c Ad]
Mr. Buuuuu 5: folds 
pipinoelbreve9: calls 10
Cebrillaros: checks 
*** FLOP *** [Kh Th Kc]
pipinoelbreve9: bets 20
Cebrillaros: calls 20
*** TURN *** [Kh Th Kc] [8c]
pipinoelbreve9: checks 
Cebrillaros: bets 60
pipinoelbreve9: folds 
Uncalled bet (60) returned to Cebrillaros
Cebrillaros collected 80 from pot
*** SUMMARY ***
Total pot 80 | Rake 0 
Board [Kh Th Kc 8c]
Seat 1: Mr. Buuuuu 5 (button) folded before Flop (didn't bet)
Seat 2: pipinoelbreve9 (small blind) folded on the Turn
Seat 3: Cebrillaros (big blind) collected (80)



PokerStars Hand #257983630434: Tournament #3933676671, €0.46+€0.04 EUR Hold'em No Limit - Level II (15/30) - 2025/10/03 17:42:35 CET [2025/10/03 11:42:35 ET]
Table '3933676671 1' 3-max Seat #2 is the button
Seat 1: Mr. Buuuuu 5 (590 in chips) 
Seat 2: pipinoelbreve9 (420 in chips) 
Seat 3: Cebrillaros (490 in chips) 
Cebrillaros: posts small blind 15
Mr. Buuuuu 5: posts big blind 30
*** HOLE CARDS ***
Dealt to pipinoelbreve9 [8d 9c]
pipinoelbreve9: calls 30
Cebrillaros: raises 60 to 90
Mr. Buuuuu 5: folds 
pipinoelbreve9: folds 
Uncalled bet (60) returned to Cebrillaros
Cebrillaros collected 90 from pot
*** SUMMARY ***
Total pot 90 | Rake 0 
Seat 1: Mr. Buuuuu 5 (big blind) folded before Flop
Seat 2: pipinoelbreve9 (button) folded before Flop
Seat 3: Cebrillaros (small blind) collected (90)



PokerStars Hand #257983634573: Tournament #3933676671, €0.46+€0.04 EUR Hold'em No Limit - Level II (15/30) - 2025/10/03 17:42:59 CET [2025/10/03 11:42:59 ET]
Table '3933676671 1' 3-max Seat #3 is the button
Seat 1: Mr. Buuuuu 5 (560 in chips) 
Seat 2: pipinoelbreve9 (390 in chips) 
Seat 3: Cebrillaros (550 in chips) 
Mr. Buuuuu 5: posts small blind 15
pipinoelbreve9: posts big blind 30
*** HOLE CARDS ***
Dealt to pipinoelbreve9 [9s 7s]
Cebrillaros: raises 30 to 60
Mr. Buuuuu 5: folds 
pipinoelbreve9: calls 30
*** FLOP *** [5h 7d 8h]
pipinoelbreve9: checks 
Cebrillaros: bets 90
pipinoelbreve9: raises 240 to 330 and is all-in
Cebrillaros: calls 240
*** TURN *** [5h 7d 8h] [Ah]
*** RIVER *** [5h 7d 8h Ah] [Ac]
*** SHOW DOWN ***
pipinoelbreve9: shows [9s 7s] (two pair, Aces and Sevens)
Cebrillaros: shows [Qc 9c] (a pair of Aces)
pipinoelbreve9 collected 795 from pot
*** SUMMARY ***
Total pot 795 | Rake 0 
Board [5h 7d 8h Ah Ac]
Seat 1: Mr. Buuuuu 5 (small blind) folded before Flop
Seat 2: pipinoelbreve9 (big blind) showed [9s 7s] and won (795) with two pair, Aces and Sevens
Seat 3: Cebrillaros (button) showed [Qc 9c] and lost with a pair of Aces



PokerStars Hand #257983639682: Tournament #3933676671, €0.46+€0.04 EUR Hold'em No Limit - Level II (15/30) - 2025/10/03 17:43:28 CET [2025/10/03 11:43:28 ET]
Table '3933676671 1' 3-max Seat #1 is the button
Seat 1: Mr. Buuuuu 5 (545 in chips) 
Seat 2: pipinoelbreve9 (795 in chips) 
Seat 3: Cebrillaros (160 in chips) 
pipinoelbreve9: posts small blind 15
Cebrillaros: posts big blind 30
*** HOLE CARDS ***
Dealt to pipinoelbreve9 [Td 6s]
Mr. Buuuuu 5: folds 
pipinoelbreve9: folds 
Uncalled bet (15) returned to Cebrillaros
Cebrillaros collected 30 from pot
*** SUMMARY ***
Total pot 30 | Rake 0 
Seat 1: Mr. Buuuuu 5 (button) folded before Flop (didn't bet)
Seat 2: pipinoelbreve9 (small blind) folded before Flop
Seat 3: Cebrillaros (big blind) collected (30)



PokerStars Hand #257983641974: Tournament #3933676671, €0.46+€0.04 EUR Hold'em No Limit - Level II (15/30) - 2025/10/03 17:43:42 CET [2025/10/03 11:43:42 ET]
Table '3933676671 1' 3-max Seat #2 is the button
Seat 1: Mr. Buuuuu 5 (545 in chips) 
Seat 2: pipinoelbreve9 (780 in chips) 
Seat 3: Cebrillaros (175 in chips) 
Cebrillaros: posts small blind 15
Mr. Buuuuu 5: posts big blind 30
*** HOLE CARDS ***
Dealt to pipinoelbreve9 [Ks Js]
pipinoelbreve9: raises 75 to 105
Cebrillaros: folds 
Mr. Buuuuu 5: raises 440 to 545 and is all-in
pipinoelbreve9: calls 440
*** FLOP *** [7s Kc 2d]
*** TURN *** [7s Kc 2d] [9c]
*** RIVER *** [7s Kc 2d 9c] [Qh]
*** SHOW DOWN ***
Mr. Buuuuu 5: shows [5h 5d] (a pair of Fives)
pipinoelbreve9: shows [Ks Js] (a pair of Kings)
pipinoelbreve9 collected 1105 from pot
Mr. Buuuuu 5 finished the tournament in 3rd place
*** SUMMARY ***
Total pot 1105 | Rake 0 
Board [7s Kc 2d 9c Qh]
Seat 1: Mr. Buuuuu 5 (big blind) showed [5h 5d] and lost with a pair of Fives
Seat 2: pipinoelbreve9 (button) showed [Ks Js] and won (1105) with a pair of Kings
Seat 3: Cebrillaros (small blind) folded before Flop



PokerStars Hand #257983647837: Tournament #3933676671, €0.46+€0.04 EUR Hold'em No Limit - Level II (15/30) - 2025/10/03 17:44:16 CET [2025/10/03 11:44:16 ET]
Table '3933676671 1' 3-max Seat #3 is the button
Seat 2: pipinoelbreve9 (1340 in chips) 
Seat 3: Cebrillaros (160 in chips) 
Cebrillaros: posts small blind 15
pipinoelbreve9: posts big blind 30
*** HOLE CARDS ***
Dealt to pipinoelbreve9 [Jc 8d]
Cebrillaros: raises 60 to 90
pipinoelbreve9: calls 60
*** FLOP *** [2s Kc 8s]
pipinoelbreve9: bets 90
Cebrillaros: calls 70 and is all-in
Uncalled bet (20) returned to pipinoelbreve9
*** TURN *** [2s Kc 8s] [Tc]
*** RIVER *** [2s Kc 8s Tc] [Js]
*** SHOW DOWN ***
pipinoelbreve9: shows [Jc 8d] (two pair, Jacks and Eights)
Cebrillaros: shows [Ks As] (a flush, Ace high)
Cebrillaros collected 320 from pot
*** SUMMARY ***
Total pot 320 | Rake 0 
Board [2s Kc 8s Tc Js]
Seat 2: pipinoelbreve9 (big blind) showed [Jc 8d] and lost with two pair, Jacks and Eights
Seat 3: Cebrillaros (button) (small blind) showed [Ks As] and won (320) with a flush, Ace high



PokerStars Hand #257983651699: Tournament #3933676671, €0.46+€0.04 EUR Hold'em No Limit - Level III (20/40) - 2025/10/03 17:44:39 CET [2025/10/03 11:44:39 ET]
Table '3933676671 1' 3-max Seat #2 is the button
Seat 2: pipinoelbreve9 (1180 in chips) 
Seat 3: Cebrillaros (320 in chips) 
pipinoelbreve9: posts small blind 20
Cebrillaros: posts big blind 40
*** HOLE CARDS ***
Dealt to pipinoelbreve9 [Qs 5d]
pipinoelbreve9: folds 
Uncalled bet (20) returned to Cebrillaros
Cebrillaros collected 40 from pot
*** SUMMARY ***
Total pot 40 | Rake 0 
Seat 2: pipinoelbreve9 (button) (small blind) folded before Flop
Seat 3: Cebrillaros (big blind) collected (40)



PokerStars Hand #257983652489: Tournament #3933676671, €0.46+€0.04 EUR Hold'em No Limit - Level III (20/40) - 2025/10/03 17:44:44 CET [2025/10/03 11:44:44 ET]
Table '3933676671 1' 3-max Seat #3 is the button
Seat 2: pipinoelbreve9 (1160 in chips) 
Seat 3: Cebrillaros (340 in chips) 
Cebrillaros: posts small blind 20
pipinoelbreve9: posts big blind 40
*** HOLE CARDS ***
Dealt to pipinoelbreve9 [Ah 8h]
Cebrillaros: calls 20
pipinoelbreve9: raises 80 to 120
Cebrillaros: folds 
Uncalled bet (80) returned to pipinoelbreve9
pipinoelbreve9 collected 80 from pot
pipinoelbreve9: doesn't show hand 
*** SUMMARY ***
Total pot 80 | Rake 0 
Seat 2: pipinoelbreve9 (big blind) collected (80)
Seat 3: Cebrillaros (button) (small blind) folded before Flop



PokerStars Hand #257983654429: Tournament #3933676671, €0.46+€0.04 EUR Hold'em No Limit - Level III (20/40) - 2025/10/03 17:44:55 CET [2025/10/03 11:44:55 ET]
Table '3933676671 1' 3-max Seat #2 is the button
Seat 2: pipinoelbreve9 (1200 in chips) 
Seat 3: Cebrillaros (300 in chips) 
pipinoelbreve9: posts small blind 20
Cebrillaros: posts big blind 40
*** HOLE CARDS ***
Dealt to pipinoelbreve9 [Ac Th]
pipinoelbreve9: raises 80 to 120
Cebrillaros: raises 180 to 300 and is all-in
pipinoelbreve9: calls 180
*** FLOP *** [5d 3c 9s]
*** TURN *** [5d 3c 9s] [Qd]
*** RIVER *** [5d 3c 9s Qd] [8d]
*** SHOW DOWN ***
Cebrillaros: shows [7s Ah] (high card Ace)
pipinoelbreve9: shows [Ac Th] (high card Ace - Queen+Ten kicker)
pipinoelbreve9 collected 600 from pot
Cebrillaros finished the tournament in 2nd place
pipinoelbreve9 wins the tournament - congratulations!
pipinoelbreve9 wins a '€1 Step 2 MTT Power Path ticket' ticket
*** SUMMARY ***
Total pot 600 | Rake 0 
Board [5d 3c 9s Qd 8d]
Seat 2: pipinoelbreve9 (button) (small blind) showed [Ac Th] and won (600) with high card Ace
Seat 3: Cebrillaros (big blind) showed [7s Ah] and lost with high card Ace



